4055 6364
2081 772 2178 785 -
2287 729 2438 805 252
2507 698 2646 785 ’-

913 941 1123 1015 mini:
1199 947 1277 1013 ut
1346 939 1469 1035 qui
1538 936 1989 1033 ing-redium,
2061 939 2302 1013 lumen
2375 938 2686 1015 videant.
2762 936 2886 1014 Sic
2938 940 3160 1034 igitur
3211 940 3450 1015 luceat
3499 940 3644 1013 lux
3703 960 3826 1012 ve-

914 1072 1065 1138 stra
1119 1084 1360 1137 coram
1413 1060 1823 1135 hominibus
1876 1061 1949 1134 in
2004 1060 2377 1155 Ecclesia,
2436 1063 2512 1134 in
2565 1060 2947 1159 Capitulo,
3001 1062 3076 1134 in
3132 1059 3464 1135 domibus
3516 1060 3822 1155 vestris,

912 1184 988 1257 in
1042 1181 1611 1273 conversatione,
1666 1188 1746 1255 ut
1796 1180 2092 1255 videant
2144 1204 2366 1279 opera
2400 1189 2640 1257 vestra
2681 1183 2890 1271 bona,
2948 1189 3020 1256 et
3062 1182 3474 1276 glorificent
3515 1182 3824 1256 Patrem

914 1305 1039 1402 qui
1088 1304 1164 1377 in
1220 1304 1445 1378 coelis
1501 1310 1633 1377 est.

1117 1424 1203 1498 In
1259 1423 1669 1498 Ecclesiam
1725 1424 2212 1521 unusquisque
2267 1423 2711 1519 ingrediatur
2749 1426 3380 1523 superpilliciatus,
3437 1432 3816 1500 tonsuram

909 1570 1040 1622 suo
1095 1545 1327 1622 ordini
1381 1552 1891 1639 congruentem
1945 1543 2302 1619 deferens.
2357 1544 2543 1620 Nam
2600 1547 2721 1643 qui
2769 1547 2923 1621 sine
2971 1547 3468 1644 superpillicio
3523 1548 3814 1642 ingres-

908 1692 1035 1744 sus
1088 1668 1327 1757 fuerit,
1401 1667 1564 1763 ipso
1638 1666 1830 1741 facto
1886 1673 1998 1741 est
2052 1670 2748 1758 excommunicatus,
2806 1691 2944 1743 nec
2996 1677 3235 1766 potest
3285 1669 3427 1743 nisi
3482 1670 3578 1743 ab
3628 1668 3812 1765 Epi-

908 1812 1132 1887 scopo
1202 1788 1508 1878 absolvi,
1580 1788 1780 1862 iuxta
1852 1784 2206 1862 Statutum
2277 1788 2575 1864 Ioannis
2647 1786 2884 1865 Groth
2953 1790 3329 1887 Episcopi.
3413 1788 3560 1879 Qui
3629 1811 3810 1864 vero

909 1919 1273 1986 tonsuram
1326 1932 1471 1984 non
1523 1907 1879 1999 habuerit,
1935 1909 2029 1983 ab
2084 1908 2563 2003 Evangelista
2617 1911 2884 2008 expelli
2939 1911 3177 1987 debet.

1113 2031 1200 2104 In
1253 2030 1591 2105 Ecclesia
1646 2054 1688 2103 a
1743 2029 2150 2125 colloquiis,
2204 2030 2388 2105 iocis
2443 2040 2515 2105 et
2560 2033 3284 2126 confabulationibus,
3343 2058 3388 2106 a
3441 2034 3808 2107 literarum

810 2246 817 2253 .
907 2153 1217 2227 lectione
1272 2152 1700 2246 abstineant,
1755 2175 1849 2224 ne
1902 2152 2214 2248 populus
2267 2152 2450 2227 haec
2507 2156 2678 2228 talia
2731 2155 2988 2229 videns
3042 2152 3466 2248 offendatur,
3515 2162 3590 2228 et
3624 2155 3807 2227 vitu·

909 2284 1113 2372 peret
1165 2274 1634 2347 ministerium
1690 2281 2034 2347 nostrum.
2129 2270 2210 2348 Si
2264 2276 2425 2372 quis
2479 2277 2688 2350 tertio
2743 2300 2875 2373 per
2927 2276 3292 2351 Censores
3347 2274 3808 2373 Capitulares

908 2396 1219 2469 monitus
1274 2417 1417 2468 non
1472 2394 1917 2490 abstinuerit,
1978 2418 2111 2491 per
2164 2395 2576 2495 Capitulum
2630 2398 2986 2494 puniatur.

1114 2515 1221 2591 Ut
1273 2516 1513 2594 omnia
1564 2514 1891 2591 ordinate
1954 2517 2132 2591 fiant
2183 2518 2255 2592 in
2311 2520 2451 2592 Dei
2508 2518 2930 2619 ministerio,¹
3001 2526 3218 2616 utque
3289 2542 3434 2592 una
3505 2518 3802 2592 cerimo-

906 2638 1182 2712 niarum
1233 2633 1419 2711 ratio
1488 2638 1582 2711 ab
1636 2639 1966 2714 omnibus
2038 2650 2503 2714 conservetur
2553 2641 2743 2714 intra
2796 2641 3039 2714 divina
3093 2638 3359 2714 Officia
3379 2697 3397 2733 ,
3453 2639 3803 2735 Mag-ister

908 2758 1455 2834 cerimoniarum
1528 2759 1863 2855 proprius
1934 2766 2006 2833 et
2059 2768 2448 2857 perpetuus
2522 2760 2902 2837 Ecclesiae
2973 2761 3208 2853 huius,
3282 2768 3482 2834 certa
3555 2760 3794 2857 provi·

910 2882 1111 2956 sione
1166 2880 1573 2973 constituta,
1630 2879 2010 2975 deligatur.

1116 2998 1443 3101 Caveant
1496 3001 1708 3076 etiam
1730 3058 1749 3097 ‚
1822 3026 1915 3077 ne
1968 3005 2062 3080 ab
2119 3004 2359 3079 officio
2430 3004 2704 3079 Missae
2773 3005 2892 3077 vel
2947 3003 3111 3077 aliis
3166 3004 3431 3077 divinis
3491 3001 3793 3095 Officiis,
3843 2968 3851 2984 ¹

909 3123 1171 3220 quibus
1220 3123 1573 3198 interesse
1627 3131 1977 3220 tenentur,
2037 3125 2127 3200 de
2181 3126 2518 3200 Ecclesia
2571 3124 2948 3220 recedant,
3006 3148 3148 3200 non
3203 3132 3581 3221 expectato
3631 3123 3793 3218 fine,

910 3245 1053 3320 nisi
1106 3255 1401 3344 propter
1450 3245 1709 3321 iustam
1764 3246 2079 3343 aliquam
2135 3257 2206 3322 et
2259 3249 2742 3322 necessariam
2797 3271 3088 3321 causam
3141 3247 3233 3322 de
3275 3245 3568 3320 licentia
3621 3245 3792 3320 Pro·

909 3367 1261 3444 curatoris
1313 3364 1630 3463 Capituli
1682 3369 1800 3443 vel
1854 3367 2179 3445 Senioris
2238 3368 2553 3443 Praelati
2604 3369 2677 3442 in
2735 3369 3074 3443 Ecclesia
3127 3369 3554 3466 praesentis.

1116 3487 1307 3576 Quia
1362 3511 1611 3564 omnes
1666 3488 2152 3564 Canonicatus
2207 3514 2296 3564 ex
2352 3491 2802 3589 praescripto
2874 3490 3250 3565 Concilii
3303 3487 3794 3563 Tridentini

912 3606 1091 3707 (Sea.
1135 3610 1256 3684 24.
1322 3607 1500 3706 Cap.
1557 3611 1679 3708 12)
1728 3634 2080 3687 annexum
2121 3611 2385 3686 debent
2418 3613 2687 3688 habere
2725 3613 3046 3686 ordinem
3097 3603 3569 3708 Presbyterii,
3623 3609 3792 3682 Dia-

911 3737 1211 3805 conatus
1250 3731 1367 3804 vel
1408 3729 2005 3826 Subdiaconatus,
2063 3733 2155 3806 ad
2194 3734 2553 3808 tollendas
2589 3757 2841 3807 omnes
2879 3733 3361 3830 quaestiones,
3403 3753 3588 3827 quae
3628 3751 3788 3803 exo-

911 3852 1040 3925 riri
1097 3861 1395 3948 possent
1446 3853 1517 3926 in
1574 3853 1825 3928 Missis
1878 3855 2148 3929 nostris
2218 3854 2766 3930 Pontificalibus
2821 3854 2911 3928 de
2970 3853 3366 3928 ministerio
3419 3853 3494 3926 in
3551 3851 3788 3926 ordine

909 3973 1354 4048 Diaconatus
1426 3974 1542 4047 vel
1614 3971 2224 4070 subdiaconatus,
2282 3977 2657 4050 statuimus
2729 3985 2800 4050 et
2869 3973 3320 4070 ordinamus,
3383 3982 3458 4050 ut
3507 3974 3622 4066 iis,
3675 3972 3787 4068 qni

910 4101 1077 4168 sunt
1126 4095 1199 4167 in
1256 4093 1594 4190 Capitulo
1631 4098 2044 4192 receptione
2099 4099 2538 4192 posteriores
2572 4099 2646 4170 in
2689 4099 3092 4171 Diaconatu
3149 4104 3222 4170 et
3269 4093 3790 4169 Subdiaeonam

908 4215 1315 4290 ministrare
1369 4224 1766 4312 teneantur,
1843 4219 1982 4292 nisi
2036 4219 2160 4292 alii
2216 4216 2558 4294 Seniores
2628 4219 3034 4293 ministrare
3097 4219 3170 4290 in
3225 4217 3464 4290 locum
3517 4216 3787 4290 illorum

910 4337 1287 4431 voluerint,
1344 4345 1468 4411 aut
1505 4361 1655 4435 per
1707 4362 1839 4414 nos
1895 4339 1987 4413 ad
2043 4341 2116 4414 id
2171 4342 2526 4435 assignati
2578 4341 2866 4416 fuerint.

910 4517 913 4522 .
1120 4457 1482 4534 Censores
1555 4459 2036 4558 Capitulares,
2111 4463 2234 4558 qui
2306 4485 2396 4536 ex
2467 4484 2666 4536 more
2737 4461 3029 4558 antiquo
3077 4459 3388 4554 singulis
3459 4458 3666 4531 annis
3720 4458 3786 4529 in

911 4578 1249 4676 Capitulo
1320 4583 1648 4676 generali
1717 4581 2254 4658 Purificationis
2305 4583 2393 4656 B.
2451 4583 2781 4678 Virginis
2851 4582 3128 4655 Mariae
3200 4581 3376 4674 eligi
3443 4579 3680 4654 solent
3725 4585 3788 4651 et

914 4701 1199 4796 debent,
1279 4703 1592 4778 officium
1648 4727 1852 4779 suum
1909 4705 2294 4798 diligenter
2348 4713 2822 4801 exequantur:
2897 4704 2962 4778 si
3016 4725 3227 4799 quem
3282 4709 3532 4775 contra
3585 4723 3786 4774 voca·

912 4824 1177 4898 tionem
1231 4824 1503 4921 aliquid
1556 4824 1799 4899 facere
1852 4828 1927 4908 in
1984 4825 2322 4901 Ecclesia
2377 4826 2491 4900 vel
2543 4826 2721 4900 alibi
2777 4823 3122 4919 viderint,
3200 4824 3321 4897 vel
3375 4822 3783 4914 audiverint,

911 4966 1202 5019 monere
1275 4969 1419 5019 non
1475 4948 2058 5041 praetermittant.
2132 4947 2447 5020 Maxime
2522 4955 2754 5023 autem
2821 4968 2989 5038 eos,
3065 4967 3248 5041 quos
3301 4944 3443 5018 sibi
3496 4944 3784 5016 invicem

911 5064 1237 5141 infensos
1291 5066 1945 5160 animadverterint,
2004 5066 2097 5140 ad
2128 5091 2376 5164 pacem
2428 5075 2500 5141 et
2534 5066 2992 5142 concordiam
3046 5087 3392 5140 revocare
3445 5065 3786 5159 studeant;

914 5187 1172 5283 quodsi
1240 5187 1523 5284 privata
1586 5188 1967 5263 monitione
2048 5189 2335 5263 efficere
2405 5187 2584 5262 nihil
2620 5188 3018 5284 potuerint,
3074 5186 3168 5261 ad
3225 5187 3636 5284 Capitulum
3685 5208 3785 5259 re-

911 5311 1168 5385 ferant.
