<?xml version="1.0" encoding="UTF-8"?>
<!DOCTYPE html PUBLIC "-//W3C//DTD XHTML 1.0 Transitional//EN"
    "http://www.w3.org/TR/xhtml1/DTD/xhtml1-transitional.dtd">
<html xmlns="http://www.w3.org/1999/xhtml" xml:lang="en" lang="en">
 <head>
  <title>
</title>
<meta http-equiv="Content-Type" content="text/html;charset=utf-8" />
  <meta name='ocr-system' content='tesseract 3.04.00' />
  <meta name='ocr-capabilities' content='ocr_page ocr_carea ocr_par ocr_line ocrx_word'/>
</head>
<body>
  <div class='ocr_page' id='page_1' title='image "./statutacapitula00nykogoog_0085.png"; bbox 0 0 4055 6364; ppageno 0'>
   <div class='ocr_carea' id='block_1_1' title="bbox 2064 758 2570 836">
    <p class='ocr_par' dir='ltr' id='par_1_1' title="bbox 2064 758 2570 836">
     <span class='ocr_line' id='line_1_1' title="bbox 2064 758 2570 836; baseline -0.002 -21"><span class='ocrx_word' id='word_1_1' title='bbox 2064 758 2570 836; x_wconf 40' lang='lat'>⁴62-</span> 
     </span>
    </p>
   </div>
   <div class='ocr_carea' id='block_1_2' title="bbox 756 968 3774 5456">
    <p class='ocr_par' dir='ltr' id='par_1_2' title="bbox 756 968 3774 5456">
     <span class='ocr_line' id='line_1_2' title="bbox 862 968 3768 1067; baseline -0.001 -24"><span class='ocrx_word' id='word_1_2' title='bbox 862 968 1127 1043; x_wconf 87' lang='lat' dir='ltr'>fuerint</span> <span class='ocrx_word' id='word_1_3' title='bbox 1194 968 1517 1064; x_wconf 79' lang='lat' dir='ltr'>requisiti</span> <span class='ocrx_word' id='word_1_4' title='bbox 1584 968 1977 1042; x_wconf 77' lang='lat' dir='ltr'><strong>solenniter</strong></span> <span class='ocrx_word' id='word_1_5' title='bbox 2051 969 2500 1065; x_wconf 73' lang='lat' dir='ltr'>publicantes</span> <span class='ocrx_word' id='word_1_6' title='bbox 2573 994 2659 1043; x_wconf 89' lang='lat' dir='ltr'>ac</span> <span class='ocrx_word' id='word_1_7' title='bbox 2732 970 2839 1043; x_wconf 91' lang='lat' dir='ltr'>eis</span> <span class='ocrx_word' id='word_1_8' title='bbox 2891 971 2962 1043; x_wconf 89' lang='lat' dir='ltr'>in</span> <span class='ocrx_word' id='word_1_9' title='bbox 3039 970 3459 1067; x_wconf 76' lang='lat' dir='ltr'>praemissis</span> <span class='ocrx_word' id='word_1_10' title='bbox 3525 971 3768 1043; x_wconf 78' lang='lat' dir='ltr'>effica-</span> 
     </span>
     <span class='ocr_line' id='line_1_3' title="bbox 866 1089 3770 1189; baseline -0 -24"><span class='ocrx_word' id='word_1_11' title='bbox 866 1092 975 1165; x_wconf 89' lang='lat' dir='ltr'>cis</span> <span class='ocrx_word' id='word_1_12' title='bbox 1030 1089 1472 1164; x_wconf 86' lang='lat' dir='ltr'>defensionis</span> <span class='ocrx_word' id='word_1_13' title='bbox 1525 1089 1890 1189; x_wconf 90' lang='lat' dir='ltr'>praesidio</span> <span class='ocrx_word' id='word_1_14' title='bbox 1954 1092 2382 1165; x_wconf 79' lang='lat' dir='ltr'>assistentes</span> <span class='ocrx_word' id='word_1_15' title='bbox 2406 1149 2422 1181; x_wconf 91' lang='lat'>,</span> <span class='ocrx_word' id='word_1_16' title='bbox 2497 1092 2769 1165; x_wconf 87' lang='lat' dir='ltr'>faciant</span> <span class='ocrx_word' id='word_1_17' title='bbox 2821 1094 3252 1165; x_wconf 80' lang='lat' dir='ltr'>authoritate</span> <span class='ocrx_word' id='word_1_18' title='bbox 3325 1103 3570 1165; x_wconf 81' lang='lat' dir='ltr'>nostra</span> <span class='ocrx_word' id='word_1_19' title='bbox 3625 1103 3770 1165; x_wconf 85' lang='lat' dir='ltr'>sta-</span> 
     </span>
     <span class='ocr_line' id='line_1_4' title="bbox 863 1209 3767 1305; baseline -0.001 -18"><span class='ocrx_word' id='word_1_20' title='bbox 863 1221 1089 1287; x_wconf 88' lang='lat' dir='ltr'>tutum</span> <span class='ocrx_word' id='word_1_21' title='bbox 1162 1217 1235 1285; x_wconf 92' lang='lat' dir='ltr'>et</span> <span class='ocrx_word' id='word_1_22' title='bbox 1288 1211 1807 1287; x_wconf 82' lang='lat' dir='ltr'>ordinationem</span> <span class='ocrx_word' id='word_1_23' title='bbox 1881 1211 2285 1287; x_wconf 90' lang='lat' dir='ltr'>huiusmodi</span> <span class='ocrx_word' id='word_1_24' title='bbox 2357 1213 2654 1286; x_wconf 86' lang='lat' dir='ltr'>firmiter</span> <span class='ocrx_word' id='word_1_25' title='bbox 2725 1213 3136 1305; x_wconf 76' lang='lat' dir='ltr'>observari,</span> <span class='ocrx_word' id='word_1_26' title='bbox 3211 1236 3297 1283; x_wconf 70' lang='lat' dir='ltr'>at·-</span> <span class='ocrx_word' id='word_1_27' title='bbox 3369 1209 3767 1305; x_wconf 84' lang='lat' dir='ltr'>Sigismun-</span> 
     </span>
     <span class='ocr_line' id='line_1_5' title="bbox 868 1333 3774 1431; baseline 0 -23"><span class='ocrx_word' id='word_1_28' title='bbox 868 1334 1057 1429; x_wconf 88' lang='lat' dir='ltr'>dnm,</span> <span class='ocrx_word' id='word_1_29' title='bbox 1113 1340 1206 1408; x_wconf 85' lang='lat' dir='ltr'>et·</span> <span class='ocrx_word' id='word_1_30' title='bbox 1222 1356 1351 1431; x_wconf 90' lang='lat' dir='ltr'>pro</span> <span class='ocrx_word' id='word_1_31' title='bbox 1398 1335 1722 1431; x_wconf 87' lang='lat' dir='ltr'>tempore</span> <span class='ocrx_word' id='word_1_32' title='bbox 1777 1333 2201 1408; x_wconf 82' lang='lat' dir='ltr'>existentem</span> <span class='ocrx_word' id='word_1_33' title='bbox 2259 1333 2558 1427; x_wconf 79' lang='lat' dir='ltr'>Regem,</span> <span class='ocrx_word' id='word_1_34' title='bbox 2618 1357 2749 1407; x_wconf 91' lang='lat' dir='ltr'>nec</span> <span class='ocrx_word' id='word_1_35' title='bbox 2803 1357 2939 1407; x_wconf 89' lang='lat' dir='ltr'>non</span> <span class='ocrx_word' id='word_1_36' title='bbox 2992 1334 3636 1431; x_wconf 87' lang='lat' dir='ltr'>Archiepiscopum</span> <span class='ocrx_word' id='word_1_37' title='bbox 3697 1344 3774 1408; x_wconf 87' lang='lat' dir='ltr'>et</span> 
     </span>
     <span class='ocr_line' id='line_1_6' title="bbox 864 1454 3764 1553; baseline -0 -24"><span class='ocrx_word' id='word_1_38' title='bbox 864 1454 1301 1553; x_wconf 86' lang='lat' dir='ltr'>Episcopos,</span> <span class='ocrx_word' id='word_1_39' title='bbox 1357 1478 1446 1529; x_wconf 89' lang='lat' dir='ltr'>ac</span> <span class='ocrx_word' id='word_1_40' title='bbox 1491 1454 1829 1552; x_wconf 85' lang='lat' dir='ltr'>Capitula</span> <span class='ocrx_word' id='word_1_41' title='bbox 1864 1455 2274 1529; x_wconf 87' lang='lat' dir='ltr'>huiusmodi</span> <span class='ocrx_word' id='word_1_42' title='bbox 2328 1455 2475 1528; x_wconf 90' lang='lat' dir='ltr'>illis</span> <span class='ocrx_word' id='word_1_43' title='bbox 2529 1455 2833 1551; x_wconf 89' lang='lat' dir='ltr'>pacifice</span> <span class='ocrx_word' id='word_1_44' title='bbox 2887 1454 3228 1549; x_wconf 79' lang='lat' dir='ltr'>gaudere,</span> <span class='ocrx_word' id='word_1_45' title='bbox 3286 1477 3426 1529; x_wconf 89' lang='lat' dir='ltr'>non</span> <span class='ocrx_word' id='word_1_46' title='bbox 3478 1456 3764 1551; x_wconf 87' lang='lat' dir='ltr'>permit-</span> 
     </span>
     <span class='ocr_line' id='line_1_7' title="bbox 864 1564 3764 1677; baseline -0 -25"><span class='ocrx_word' id='word_1_47' title='bbox 864 1585 1120 1677; x_wconf 82' lang='lat' dir='ltr'>tentes,</span> <span class='ocrx_word' id='word_1_48' title='bbox 1178 1600 1307 1652; x_wconf 90' lang='lat' dir='ltr'>eos</span> <span class='ocrx_word' id='word_1_49' title='bbox 1344 1576 1656 1673; x_wconf 84' lang='lat' dir='ltr'>desuper</span> <span class='ocrx_word' id='word_1_50' title='bbox 1692 1564 1821 1675; x_wconf 84' lang='lat' dir='ltr'>per</span> <span class='ocrx_word' id='word_1_51' title='bbox 1858 1600 2324 1674; x_wconf 87' lang='lat' dir='ltr'>quoscunque</span> <span class='ocrx_word' id='word_1_52' title='bbox 2382 1585 2626 1650; x_wconf 89' lang='lat' dir='ltr'>contra</span> <span class='ocrx_word' id='word_1_53' title='bbox 2683 1577 3161 1674; x_wconf 87' lang='lat' dir='ltr'>praesentium</span> <span class='ocrx_word' id='word_1_54' title='bbox 3203 1586 3542 1664; x_wconf 89' lang='lat' dir='ltr'>tenorem,</span> <span class='ocrx_word' id='word_1_55' title='bbox 3591 1600 3764 1673; x_wconf 91' lang='lat' dir='ltr'>quo-</span> 
     </span>
     <span class='ocr_line' id='line_1_8' title="bbox 862 1698 3762 1795; baseline -0.001 -20"><span class='ocrx_word' id='word_1_56' title='bbox 862 1699 1257 1775; x_wconf 87' lang='lat' dir='ltr'>modolibet</span> <span class='ocrx_word' id='word_1_57' title='bbox 1308 1699 1627 1774; x_wconf 84' lang='lat' dir='ltr'>indebite</span> <span class='ocrx_word' id='word_1_58' title='bbox 1680 1700 2086 1791; x_wconf 90' lang='lat' dir='ltr'>molestari,</span> <span class='ocrx_word' id='word_1_59' title='bbox 2163 1698 2727 1773; x_wconf 75' lang='lat' dir='ltr'>contradictores</span> <span class='ocrx_word' id='word_1_60' title='bbox 2781 1722 2913 1795; x_wconf 90' lang='lat' dir='ltr'>per</span> <span class='ocrx_word' id='word_1_61' title='bbox 2967 1722 3340 1773; x_wconf 85' lang='lat' dir='ltr'>censuram</span> <span class='ocrx_word' id='word_1_62' title='bbox 3395 1698 3762 1773; x_wconf 87' lang='lat' dir='ltr'>Ecclesia-</span> 
     </span>
     <span class='ocr_line' id='line_1_9' title="bbox 861 1820 3760 1919; baseline -0.001 -22"><span class='ocrx_word' id='word_1_63' title='bbox 861 1823 1137 1917; x_wconf 86' lang='lat' dir='ltr'>sticam,</span> <span class='ocrx_word' id='word_1_64' title='bbox 1195 1822 1681 1919; x_wconf 85' lang='lat' dir='ltr'>appellatione</span> <span class='ocrx_word' id='word_1_65' title='bbox 1718 1821 2121 1918; x_wconf 88' lang='lat' dir='ltr'>postposita</span> <span class='ocrx_word' id='word_1_66' title='bbox 2161 1820 2706 1919; x_wconf 60' lang='lat' dir='ltr'>compescenda</span> <span class='ocrx_word' id='word_1_67' title='bbox 2769 1820 2932 1894; x_wconf 91' lang='lat' dir='ltr'>Non</span> <span class='ocrx_word' id='word_1_68' title='bbox 2973 1821 3423 1895; x_wconf 84' lang='lat' dir='ltr'>obstantibus</span> <span class='ocrx_word' id='word_1_69' title='bbox 3477 1820 3760 1895; x_wconf 88' lang='lat' dir='ltr'>Consti·</span> 
     </span>
     <span class='ocr_line' id='line_1_10' title="bbox 862 1940 3768 2039; baseline -0.001 -20"><span class='ocrx_word' id='word_1_70' title='bbox 862 1944 1258 2019; x_wconf 88' lang='lat' dir='ltr'>tutionibus</span> <span class='ocrx_word' id='word_1_71' title='bbox 1322 1950 1395 2017; x_wconf 91' lang='lat' dir='ltr'>et</span> <span class='ocrx_word' id='word_1_72' title='bbox 1450 1941 2043 2017; x_wconf 89' lang='lat' dir='ltr'>Ordinationibus</span> <span class='ocrx_word' id='word_1_73' title='bbox 2119 1940 2567 2039; x_wconf 86' lang='lat' dir='ltr'>Apostolicis</span> <span class='ocrx_word' id='word_1_74' title='bbox 2622 1966 2709 2016; x_wconf 89' lang='lat' dir='ltr'>ac</span> <span class='ocrx_word' id='word_1_75' title='bbox 2765 1941 3108 2018; x_wconf 88' lang='lat' dir='ltr'>dictarum</span> <span class='ocrx_word' id='word_1_76' title='bbox 3185 1940 3640 2017; x_wconf 83' lang='lat' dir='ltr'>Gnesnensis</span> <span class='ocrx_word' id='word_1_77' title='bbox 3695 1952 3768 2017; x_wconf 89' lang='lat' dir='ltr'>et</span> 
     </span>
     <span class='ocr_line' id='line_1_11' title="bbox 861 2062 3764 2165; baseline -0.001 -24"><span class='ocrx_word' id='word_1_78' title='bbox 861 2064 1487 2159; x_wconf 83' lang='lat' dir='ltr'>Suffraganearum</span> <span class='ocrx_word' id='word_1_79' title='bbox 1545 2063 2036 2137; x_wconf 89' lang='lat' dir='ltr'>Ecclesiarum</span> <span class='ocrx_word' id='word_1_80' title='bbox 2086 2065 2488 2165; x_wconf 88' lang='lat' dir='ltr'>iuramento</span> <span class='ocrx_word' id='word_1_81' title='bbox 2543 2062 3104 2139; x_wconf 83' lang='lat' dir='ltr'>Confirmatione</span> <span class='ocrx_word' id='word_1_82' title='bbox 3143 2065 3590 2163; x_wconf 82' lang='lat' dir='ltr'>Apostolica,</span> <span class='ocrx_word' id='word_1_83' title='bbox 3645 2066 3764 2138; x_wconf 81' lang='lat' dir='ltr'>vel</span> 
     </span>
     <span class='ocr_line' id='line_1_12' title="bbox 861 2186 3762 2285; baseline -0.001 -22"><span class='ocrx_word' id='word_1_84' title='bbox 861 2189 1116 2285; x_wconf 85' lang='lat' dir='ltr'>quavis</span> <span class='ocrx_word' id='word_1_85' title='bbox 1169 2188 1502 2261; x_wconf 88' lang='lat' dir='ltr'>firmitate</span> <span class='ocrx_word' id='word_1_86' title='bbox 1558 2187 1701 2260; x_wconf 87' lang='lat' dir='ltr'>alia</span> <span class='ocrx_word' id='word_1_87' title='bbox 1755 2186 2114 2261; x_wconf 88' lang='lat' dir='ltr'>roboratis</span> <span class='ocrx_word' id='word_1_88' title='bbox 2181 2188 2508 2274; x_wconf 87' lang='lat' dir='ltr'>statutis,</span> <span class='ocrx_word' id='word_1_89' title='bbox 2567 2196 2638 2261; x_wconf 91' lang='lat' dir='ltr'>et</span> <span class='ocrx_word' id='word_1_90' title='bbox 2691 2186 3330 2262; x_wconf 89' lang='lat' dir='ltr'>consuetudinibus</span> <span class='ocrx_word' id='word_1_91' title='bbox 3385 2188 3762 2261; x_wconf 77' lang='lat' dir='ltr'>contrariis</span> 
     </span>
     <span class='ocr_line' id='line_1_13' title="bbox 862 2306 3758 2408; baseline -0.002 -22"><span class='ocrx_word' id='word_1_92' title='bbox 862 2311 1444 2408; x_wconf 78' lang='lat' dir='ltr'>quibuscunque,</span> <span class='ocrx_word' id='word_1_93' title='bbox 1522 2316 1643 2383; x_wconf 86' lang='lat' dir='ltr'>aut</span> <span class='ocrx_word' id='word_1_94' title='bbox 1696 2308 1759 2383; x_wconf 88' lang='lat' dir='ltr'>si</span> <span class='ocrx_word' id='word_1_95' title='bbox 1814 2306 2179 2403; x_wconf 89' lang='lat' dir='ltr'>aliquibus</span> <span class='ocrx_word' id='word_1_96' title='bbox 2253 2310 2721 2383; x_wconf 88' lang='lat' dir='ltr'>communiter</span> <span class='ocrx_word' id='word_1_97' title='bbox 2793 2310 2910 2383; x_wconf 84' lang='lat' dir='ltr'>vel</span> <span class='ocrx_word' id='word_1_98' title='bbox 2984 2309 3306 2403; x_wconf 81' lang='lat' dir='ltr'>divisim3</span> <span class='ocrx_word' id='word_1_99' title='bbox 3363 2309 3456 2383; x_wconf 88' lang='lat' dir='ltr'>ab</span> <span class='ocrx_word' id='word_1_100' title='bbox 3511 2308 3758 2382; x_wconf 84' lang='lat' dir='ltr'>eadem</span> 
     </span>
     <span class='ocr_line' id='line_1_14' title="bbox 860 2429 3756 2528; baseline -0.001 -21"><span class='ocrx_word' id='word_1_101' title='bbox 860 2434 954 2508; x_wconf 90' lang='lat' dir='ltr'>sit</span> <span class='ocrx_word' id='word_1_102' title='bbox 1005 2430 1197 2507; x_wconf 86' lang='lat' dir='ltr'>Sede</span> <span class='ocrx_word' id='word_1_103' title='bbox 1248 2429 1624 2525; x_wconf 87' lang='lat' dir='ltr'>indultum,</span> <span class='ocrx_word' id='word_1_104' title='bbox 1683 2430 1871 2526; x_wconf 90' lang='lat' dir='ltr'>quod</span> <span class='ocrx_word' id='word_1_105' title='bbox 1928 2429 2296 2523; x_wconf 88' lang='lat' dir='ltr'>interdici,</span> <span class='ocrx_word' id='word_1_106' title='bbox 2358 2431 2703 2528; x_wconf 85' lang='lat' dir='ltr'>suspendi</span> <span class='ocrx_word' id='word_1_107' title='bbox 2759 2434 2876 2505; x_wconf 87' lang='lat' dir='ltr'>vel</span> <span class='ocrx_word' id='word_1_108' title='bbox 2933 2433 3558 2521; x_wconf 89' lang='lat' dir='ltr'>excommunicari,</span> <span class='ocrx_word' id='word_1_109' title='bbox 3620 2453 3756 2504; x_wconf 88' lang='lat' dir='ltr'>non</span> 
     </span>
     <span class='ocr_line' id='line_1_15' title="bbox 859 2550 3757 2653; baseline -0.001 -24"><span class='ocrx_word' id='word_1_110' title='bbox 859 2554 1163 2653; x_wconf 88' lang='lat' dir='ltr'>possint,</span> <span class='ocrx_word' id='word_1_111' title='bbox 1223 2577 1350 2651; x_wconf 90' lang='lat' dir='ltr'>per</span> <span class='ocrx_word' id='word_1_112' title='bbox 1399 2552 1651 2626; x_wconf 88' lang='lat' dir='ltr'>literas</span> <span class='ocrx_word' id='word_1_113' title='bbox 1704 2550 2196 2649; x_wconf 89' lang='lat' dir='ltr'>Apostolicas,</span> <span class='ocrx_word' id='word_1_114' title='bbox 2256 2576 2392 2627; x_wconf 91' lang='lat' dir='ltr'>non</span> <span class='ocrx_word' id='word_1_115' title='bbox 2450 2554 2800 2628; x_wconf 88' lang='lat' dir='ltr'>facientes</span> <span class='ocrx_word' id='word_1_116' title='bbox 2855 2556 3139 2651; x_wconf 88' lang='lat' dir='ltr'>plenam</span> <span class='ocrx_word' id='word_1_117' title='bbox 3199 2564 3270 2626; x_wconf 90' lang='lat' dir='ltr'>et</span> <span class='ocrx_word' id='word_1_118' title='bbox 3317 2576 3757 2651; x_wconf 85' lang='lat' dir='ltr'>expressam,</span> 
     </span>
     <span class='ocr_line' id='line_1_16' title="bbox 859 2672 3761 2769; baseline -0.001 -19"><span class='ocrx_word' id='word_1_119' title='bbox 859 2699 949 2750; x_wconf 89' lang='lat' dir='ltr'>ac</span> <span class='ocrx_word' id='word_1_120' title='bbox 1001 2676 1093 2750; x_wconf 89' lang='lat' dir='ltr'>dc</span> <span class='ocrx_word' id='word_1_121' title='bbox 1147 2676 1371 2750; x_wconf 86' lang='lat' dir='ltr'>verbo</span> <span class='ocrx_word' id='word_1_122' title='bbox 1427 2672 1519 2747; x_wconf 87' lang='lat' dir='ltr'>ad</span> <span class='ocrx_word' id='word_1_123' title='bbox 1561 2675 1852 2747; x_wconf 86' lang='lat' dir='ltr'>verbum</span> <span class='ocrx_word' id='word_1_124' title='bbox 1910 2672 1999 2747; x_wconf 89' lang='lat' dir='ltr'>dc</span> <span class='ocrx_word' id='word_1_125' title='bbox 2055 2674 2333 2749; x_wconf 91' lang='lat' dir='ltr'>indulto</span> <span class='ocrx_word' id='word_1_126' title='bbox 2388 2675 2796 2749; x_wconf 89' lang='lat' dir='ltr'>huiusmodi</span> <span class='ocrx_word' id='word_1_127' title='bbox 2833 2676 3285 2749; x_wconf 77' lang='lat' dir='ltr'>mentione-m.</span> <span class='ocrx_word' id='word_1_128' title='bbox 3347 2674 3542 2749; x_wconf 87' lang='lat' dir='ltr'>Nulli</span> <span class='ocrx_word' id='word_1_129' title='bbox 3584 2699 3761 2769; x_wconf 86' lang='lat' dir='ltr'>ergo</span> 
     </span>
     <span class='ocr_line' id='line_1_17' title="bbox 859 2796 3761 2893; baseline -0.001 -20"><span class='ocrx_word' id='word_1_130' title='bbox 859 2798 1147 2873; x_wconf 90' lang='lat' dir='ltr'>omnino</span> <span class='ocrx_word' id='word_1_131' title='bbox 1216 2796 1576 2871; x_wconf 89' lang='lat' dir='ltr'>hominum</span> <span class='ocrx_word' id='word_1_132' title='bbox 1648 2796 1864 2870; x_wconf 90' lang='lat' dir='ltr'>liceat</span> <span class='ocrx_word' id='word_1_133' title='bbox 1934 2796 2122 2869; x_wconf 87' lang='lat' dir='ltr'>hanc</span> <span class='ocrx_word' id='word_1_134' title='bbox 2190 2798 2529 2893; x_wconf 85' lang='lat' dir='ltr'>paginam</span> <span class='ocrx_word' id='word_1_135' title='bbox 2583 2798 2831 2871; x_wconf 88' lang='lat' dir='ltr'>Nostri</span> <span class='ocrx_word' id='word_1_136' title='bbox 2889 2796 3187 2888; x_wconf 89' lang='lat' dir='ltr'>Statuti,</span> <span class='ocrx_word' id='word_1_137' title='bbox 3265 2796 3761 2871; x_wconf 85' lang='lat' dir='ltr'>Ordinationis</span> 
     </span>
     <span class='ocr_line' id='line_1_18' title="bbox 859 2916 3758 3015; baseline -0.001 -20"><span class='ocrx_word' id='word_1_138' title='bbox 859 2928 933 2995; x_wconf 89' lang='lat' dir='ltr'>et</span> <span class='ocrx_word' id='word_1_139' title='bbox 981 2918 1279 2993; x_wconf 91' lang='lat' dir='ltr'>Decreti</span> <span class='ocrx_word' id='word_1_140' title='bbox 1328 2918 1745 3011; x_wconf 70' lang='lat' dir='ltr'>intringere,</span> <span class='ocrx_word' id='word_1_141' title='bbox 1803 2917 1920 2990; x_wconf 85' lang='lat' dir='ltr'>vel</span> <span class='ocrx_word' id='word_1_142' title='bbox 1983 2918 2050 2989; x_wconf 90' lang='lat' dir='ltr'>ei</span> <span class='ocrx_word' id='word_1_143' title='bbox 2104 2941 2282 2992; x_wconf 85' lang='lat' dir='ltr'>ausu</span> <span class='ocrx_word' id='word_1_144' title='bbox 2340 2921 2718 2993; x_wconf 88' lang='lat' dir='ltr'>temerario</span> <span class='ocrx_word' id='word_1_145' title='bbox 2775 2920 3149 2994; x_wconf 86' lang='lat' dir='ltr'>contraire.</span> <span class='ocrx_word' id='word_1_146' title='bbox 3207 2916 3287 2993; x_wconf 89' lang='lat' dir='ltr'>Si</span> <span class='ocrx_word' id='word_1_147' title='bbox 3325 2921 3486 3015; x_wconf 89' lang='lat' dir='ltr'>quis</span> <span class='ocrx_word' id='word_1_148' title='bbox 3523 2929 3758 2993; x_wconf 88' lang='lat' dir='ltr'>autem</span> 
     </span>
     <span class='ocr_line' id='line_1_19' title="bbox 862 3039 3756 3140; baseline -0.001 -25"><span class='ocrx_word' id='word_1_149' title='bbox 862 3041 1002 3115; x_wconf 89' lang='lat' dir='ltr'>hoc</span> <span class='ocrx_word' id='word_1_150' title='bbox 1037 3048 1387 3114; x_wconf 81' lang='lat' dir='ltr'>attentare</span> <span class='ocrx_word' id='word_1_151' title='bbox 1426 3039 2013 3136; x_wconf 86' lang='lat' dir='ltr'>praesumpserit,</span> <span class='ocrx_word' id='word_1_152' title='bbox 2069 3039 2633 3135; x_wconf 84' lang='lat' dir='ltr'>indignationem</span> <span class='ocrx_word' id='word_1_153' title='bbox 2677 3040 3206 3140; x_wconf 84' lang='lat' dir='ltr'>Omnipotcntis</span> <span class='ocrx_word' id='word_1_154' title='bbox 3251 3041 3406 3135; x_wconf 91' lang='lat' dir='ltr'>Dei,</span> <span class='ocrx_word' id='word_1_155' title='bbox 3449 3065 3536 3115; x_wconf 88' lang='lat' dir='ltr'>ac</span> <span class='ocrx_word' id='word_1_156' title='bbox 3573 3041 3756 3114; x_wconf 82' lang='lat' dir='ltr'>Bea-</span> 
     </span>
     <span class='ocr_line' id='line_1_20' title="bbox 863 3160 3754 3259; baseline 0 -21"><span class='ocrx_word' id='word_1_157' title='bbox 863 3171 1091 3238; x_wconf 88' lang='lat' dir='ltr'>torum</span> <span class='ocrx_word' id='word_1_158' title='bbox 1148 3162 1345 3238; x_wconf 85' lang='lat' dir='ltr'>Petri</span> <span class='ocrx_word' id='word_1_159' title='bbox 1403 3171 1473 3237; x_wconf 92' lang='lat' dir='ltr'>et</span> <span class='ocrx_word' id='word_1_160' title='bbox 1528 3160 1737 3236; x_wconf 89' lang='lat' dir='ltr'>Pauli</span> <span class='ocrx_word' id='word_1_161' title='bbox 1791 3160 2306 3259; x_wconf 87' lang='lat' dir='ltr'>Apostolorum</span> <span class='ocrx_word' id='word_1_162' title='bbox 2364 3164 2520 3238; x_wconf 90' lang='lat' dir='ltr'>eins</span> <span class='ocrx_word' id='word_1_163' title='bbox 2579 3189 2658 3238; x_wconf 88' lang='lat' dir='ltr'>se</span> <span class='ocrx_word' id='word_1_164' title='bbox 2714 3166 2994 3239; x_wconf 83' lang='lat' dir='ltr'>noverit</span> <span class='ocrx_word' id='word_1_165' title='bbox 3057 3165 3526 3240; x_wconf 86' lang='lat' dir='ltr'>incursurum.</span> <span class='ocrx_word' id='word_1_166' title='bbox 3605 3165 3754 3238; x_wconf 89' lang='lat' dir='ltr'>Da·</span> 
     </span>
     <span class='ocr_line' id='line_1_21' title="bbox 859 3282 3756 3381; baseline -0 -20"><span class='ocrx_word' id='word_1_167' title='bbox 859 3296 1007 3362; x_wconf 89' lang='lat' dir='ltr'>tum</span> <span class='ocrx_word' id='word_1_168' title='bbox 1060 3286 1336 3360; x_wconf 85' lang='lat' dir='ltr'>Romae</span> <span class='ocrx_word' id='word_1_169' title='bbox 1390 3284 1581 3381; x_wconf 87' lang='lat' dir='ltr'>apud</span> <span class='ocrx_word' id='word_1_170' title='bbox 1638 3282 1975 3359; x_wconf 89' lang='lat' dir='ltr'>Sanctum</span> <span class='ocrx_word' id='word_1_171' title='bbox 2042 3284 2372 3380; x_wconf 88' lang='lat' dir='ltr'>Petrum,</span> <span class='ocrx_word' id='word_1_172' title='bbox 2451 3287 2664 3359; x_wconf 90' lang='lat' dir='ltr'>Anno</span> <span class='ocrx_word' id='word_1_173' title='bbox 2717 3287 3234 3361; x_wconf 87' lang='lat' dir='ltr'>incarnationis</span> <span class='ocrx_word' id='word_1_174' title='bbox 3303 3287 3756 3379; x_wconf 84' lang='lat' dir='ltr'>Dominicae,</span> 
     </span>
     <span class='ocr_line' id='line_1_22' title="bbox 857 3407 3758 3505; baseline -0 -22"><span class='ocrx_word' id='word_1_175' title='bbox 857 3409 1247 3484; x_wconf 88' lang='lat' dir='ltr'>Millesimo</span> <span class='ocrx_word' id='word_1_176' title='bbox 1336 3408 1933 3502; x_wconf 84' lang='lat' dir='ltr'>Quingentesimo</span> <span class='ocrx_word' id='word_1_177' title='bbox 2037 3407 2558 3500; x_wconf 80' lang='lat' dir='ltr'>QuindecimO,</span> <span class='ocrx_word' id='word_1_178' title='bbox 2663 3408 2894 3505; x_wconf 88' lang='lat' dir='ltr'>pridie</span> <span class='ocrx_word' id='word_1_179' title='bbox 2987 3409 3352 3482; x_wconf 89' lang='lat' dir='ltr'>Calendas</span> <span class='ocrx_word' id='word_1_180' title='bbox 3442 3408 3758 3503; x_wconf 84' lang='lat' dir='ltr'>Augusti</span> 
     </span>
     <span class='ocr_line' id='line_1_23' title="bbox 858 3528 3753 3624; baseline -0 -20"><span class='ocrx_word' id='word_1_181' title='bbox 858 3531 1328 3606; x_wconf 85' lang='lat' dir='ltr'>Pontificatus</span> <span class='ocrx_word' id='word_1_182' title='bbox 1384 3530 1635 3604; x_wconf 88' lang='lat' dir='ltr'>Nostri</span> <span class='ocrx_word' id='word_1_183' title='bbox 1690 3529 1904 3602; x_wconf 86' lang='lat' dir='ltr'>Anno</span> <span class='ocrx_word' id='word_1_184' title='bbox 1958 3529 2231 3604; x_wconf 85' lang='lat' dir='ltr'>Tertio.</span> <span class='ocrx_word' id='word_1_185' title='bbox 2319 3528 2424 3603; x_wconf 91' lang='lat' dir='ltr'>Ut</span> <span class='ocrx_word' id='word_1_186' title='bbox 2477 3531 2696 3624; x_wconf 86' lang='lat' dir='ltr'>igitur</span> <span class='ocrx_word' id='word_1_187' title='bbox 2748 3531 2928 3605; x_wconf 87' lang='lat' dir='ltr'>haec</span> <span class='ocrx_word' id='word_1_188' title='bbox 2983 3529 3414 3604; x_wconf 85' lang='lat' dir='ltr'>Constitutio</span> <span class='ocrx_word' id='word_1_189' title='bbox 3472 3539 3545 3604; x_wconf 89' lang='lat' dir='ltr'>et</span> <span class='ocrx_word' id='word_1_190' title='bbox 3594 3531 3753 3604; x_wconf 91' lang='lat' dir='ltr'>lite-</span> 
     </span>
     <span class='ocr_line' id='line_1_24' title="bbox 855 3651 3758 3751; baseline -0.001 -23"><span class='ocrx_word' id='word_1_191' title='bbox 855 3677 980 3728; x_wconf 91' lang='lat' dir='ltr'>rae</span> <span class='ocrx_word' id='word_1_192' title='bbox 1032 3652 1536 3751; x_wconf 87' lang='lat' dir='ltr'>Apostolicae‚</span> <span class='ocrx_word' id='word_1_193' title='bbox 1610 3652 1900 3727; x_wconf 86' lang='lat' dir='ltr'>facilius</span> <span class='ocrx_word' id='word_1_194' title='bbox 1954 3652 2287 3726; x_wconf 87' lang='lat' dir='ltr'>omnibus</span> <span class='ocrx_word' id='word_1_195' title='bbox 2342 3653 2824 3743; x_wconf 89' lang='lat' dir='ltr'>innotescant,</span> <span class='ocrx_word' id='word_1_196' title='bbox 2895 3660 2966 3727; x_wconf 92' lang='lat' dir='ltr'>et</span> <span class='ocrx_word' id='word_1_197' title='bbox 3018 3653 3202 3728; x_wconf 89' lang='lat' dir='ltr'>fides</span> <span class='ocrx_word' id='word_1_198' title='bbox 3253 3653 3400 3726; x_wconf 89' lang='lat' dir='ltr'>illis</span> <span class='ocrx_word' id='word_1_199' title='bbox 3474 3651 3758 3748; x_wconf 90' lang='lat' dir='ltr'>plenior</span> 
     </span>
     <span class='ocr_line' id='line_1_25' title="bbox 856 3772 3753 3871; baseline -0.001 -20"><span class='ocrx_word' id='word_1_200' title='bbox 856 3775 1297 3868; x_wconf 85' lang='lat' dir='ltr'>adhibeatur,</span> <span class='ocrx_word' id='word_1_201' title='bbox 1363 3775 1499 3848; x_wconf 91' lang='lat' dir='ltr'>has</span> <span class='ocrx_word' id='word_1_202' title='bbox 1551 3780 1971 3871; x_wconf 88' lang='lat' dir='ltr'>praesentes</span> <span class='ocrx_word' id='word_1_203' title='bbox 2043 3773 2354 3847; x_wconf 87' lang='lat' dir='ltr'>Nostras</span> <span class='ocrx_word' id='word_1_204' title='bbox 2411 3797 2567 3848; x_wconf 86' lang='lat' dir='ltr'>cum</span> <span class='ocrx_word' id='word_1_205' title='bbox 2627 3774 2956 3871; x_wconf 84' lang='lat' dir='ltr'>exemplo</span> <span class='ocrx_word' id='word_1_206' title='bbox 3030 3774 3482 3870; x_wconf 86' lang='lat' dir='ltr'>originalium</span> <span class='ocrx_word' id='word_1_207' title='bbox 3553 3772 3753 3871; x_wconf 90' lang='lat' dir='ltr'>Apo-</span> 
     </span>
     <span class='ocr_line' id='line_1_26' title="bbox 856 3893 3749 3992; baseline -0.001 -20"><span class='ocrx_word' id='word_1_208' title='bbox 856 3897 1269 3972; x_wconf 89' lang='lat' dir='ltr'>stolicarum</span> <span class='ocrx_word' id='word_1_209' title='bbox 1332 3896 1487 3970; x_wconf 91' lang='lat' dir='ltr'>fieri</span> <span class='ocrx_word' id='word_1_210' title='bbox 1542 3896 1867 3969; x_wconf 89' lang='lat' dir='ltr'>fecimus.</span> <span class='ocrx_word' id='word_1_211' title='bbox 1962 3895 2316 3968; x_wconf 91' lang='lat' dir='ltr'>Volentes</span> <span class='ocrx_word' id='word_1_212' title='bbox 2372 3905 2443 3968; x_wconf 91' lang='lat' dir='ltr'>et</span> <span class='ocrx_word' id='word_1_213' title='bbox 2499 3894 2928 3969; x_wconf 85' lang='lat' dir='ltr'>Mandantes</span> <span class='ocrx_word' id='word_1_214' title='bbox 2995 3896 3226 3992; x_wconf 87' lang='lat' dir='ltr'>ipsam</span> <span class='ocrx_word' id='word_1_215' title='bbox 3283 3893 3749 3970; x_wconf 83' lang='lat' dir='ltr'>Constitutio-</span> 
     </span>
     <span class='ocr_line' id='line_1_27' title="bbox 853 4015 3748 4117; baseline -0.001 -24"><span class='ocrx_word' id='word_1_216' title='bbox 853 4043 1014 4093; x_wconf 89' lang='lat' dir='ltr'>ncm</span> <span class='ocrx_word' id='word_1_217' title='bbox 1072 4018 1603 4117; x_wconf 85' lang='lat' dir='ltr'>Apostolicam,</span> <span class='ocrx_word' id='word_1_218' title='bbox 1682 4015 1914 4091; x_wconf 89' lang='lat' dir='ltr'>modis</span> <span class='ocrx_word' id='word_1_219' title='bbox 1970 4027 2044 4090; x_wconf 90' lang='lat' dir='ltr'>et</span> <span class='ocrx_word' id='word_1_220' title='bbox 2096 4015 2626 4090; x_wconf 87' lang='lat' dir='ltr'>conditionibus</span> <span class='ocrx_word' id='word_1_221' title='bbox 2683 4017 3011 4090; x_wconf 86' lang='lat' dir='ltr'>omnibus</span> <span class='ocrx_word' id='word_1_222' title='bbox 3069 4041 3288 4113; x_wconf 86' lang='lat' dir='ltr'>supra</span> <span class='ocrx_word' id='word_1_223' title='bbox 3359 4019 3748 4115; x_wconf 84' lang='lat' dir='ltr'>expressis,</span> 
     </span>
     <span class='ocr_line' id='line_1_28' title="bbox 852 4137 3746 4235; baseline -0.001 -19"><span class='ocrx_word' id='word_1_224' title='bbox 852 4141 945 4216; x_wconf 89' lang='lat' dir='ltr'>ab</span> <span class='ocrx_word' id='word_1_225' title='bbox 1000 4141 1359 4215; x_wconf 89' lang='lat' dir='ltr'>universis</span> <span class='ocrx_word' id='word_1_226' title='bbox 1414 4137 1657 4213; x_wconf 87' lang='lat' dir='ltr'>Status</span> <span class='ocrx_word' id='word_1_227' title='bbox 1712 4138 2082 4234; x_wconf 89' lang='lat' dir='ltr'>utriusque</span> <span class='ocrx_word' id='word_1_228' title='bbox 2155 4137 2478 4212; x_wconf 89' lang='lat' dir='ltr'>Subditis</span> <span class='ocrx_word' id='word_1_229' title='bbox 2554 4140 2852 4230; x_wconf 82' lang='lat' dir='ltr'>nostris,</span> <span class='ocrx_word' id='word_1_230' title='bbox 2911 4146 2982 4212; x_wconf 93' lang='lat' dir='ltr'>et</span> <span class='ocrx_word' id='word_1_231' title='bbox 3033 4139 3452 4235; x_wconf 87' lang='lat' dir='ltr'>praesertim</span> <span class='ocrx_word' id='word_1_232' title='bbox 3510 4163 3554 4211; x_wconf 90' lang='lat' dir='ltr'>a</span> <span class='ocrx_word' id='word_1_233' title='bbox 3606 4138 3746 4212; x_wconf 89' lang='lat' dir='ltr'>Re-</span> 
     </span>
     <span class='ocr_line' id='line_1_29' title="bbox 854 4257 3747 4358; baseline -0 -24"><span class='ocrx_word' id='word_1_234' title='bbox 854 4259 1378 4336; x_wconf 81' lang='lat' dir='ltr'>verendissimo</span> <span class='ocrx_word' id='word_1_235' title='bbox 1434 4268 1505 4334; x_wconf 90' lang='lat' dir='ltr'>et</span> <span class='ocrx_word' id='word_1_236' title='bbox 1560 4260 2008 4334; x_wconf 83' lang='lat' dir='ltr'>Reverendis</span> <span class='ocrx_word' id='word_1_237' title='bbox 2064 4260 2135 4333; x_wconf 90' lang='lat' dir='ltr'>in</span> <span class='ocrx_word' id='word_1_238' title='bbox 2192 4257 2483 4334; x_wconf 86' lang='lat' dir='ltr'>Christo</span> <span class='ocrx_word' id='word_1_239' title='bbox 2541 4259 2876 4334; x_wconf 85' lang='lat' dir='ltr'>Patribus</span> <span class='ocrx_word' id='word_1_240' title='bbox 2930 4260 3295 4334; x_wconf 87' lang='lat' dir='ltr'>Dominis:</span> <span class='ocrx_word' id='word_1_241' title='bbox 3369 4260 3747 4358; x_wconf 87' lang='lat' dir='ltr'>Archiepi-</span> 
     </span>
     <span class='ocr_line' id='line_1_30' title="bbox 857 4379 3746 4480; baseline -0.001 -22"><span class='ocrx_word' id='word_1_242' title='bbox 857 4405 1080 4480; x_wconf 89' lang='lat' dir='ltr'>scopo</span> <span class='ocrx_word' id='word_1_243' title='bbox 1137 4379 1549 4456; x_wconf 83' lang='lat' dir='ltr'>Gnesnensi</span> <span class='ocrx_word' id='word_1_244' title='bbox 1606 4388 1677 4455; x_wconf 91' lang='lat' dir='ltr'>et</span> <span class='ocrx_word' id='word_1_245' title='bbox 1736 4381 2067 4472; x_wconf 78' lang='lat' dir='ltr'>primate,</span> <span class='ocrx_word' id='word_1_246' title='bbox 2125 4406 2214 4454; x_wconf 90' lang='lat' dir='ltr'>ac</span> <span class='ocrx_word' id='word_1_247' title='bbox 2269 4380 2762 4472; x_wconf 71' lang='lat' dir='ltr'>01·aoou·eusi‚</span> <span class='ocrx_word' id='word_1_248' title='bbox 2819 4379 3412 4475; x_wconf 78' lang='lat' dir='ltr'>Vladislaviensi,</span> <span class='ocrx_word' id='word_1_249' title='bbox 3473 4381 3746 4456; x_wconf 88' lang='lat' dir='ltr'>Posna-</span> 
     </span>
     <span class='ocr_line' id='line_1_31' title="bbox 851 4491 3746 4601; baseline 0 -25"><span class='ocrx_word' id='word_1_250' title='bbox 851 4503 1086 4601; x_wconf 81' lang='lat' dir='ltr'>niensi</span> <span class='ocrx_word' id='word_1_251' title='bbox 1142 4510 1213 4577; x_wconf 91' lang='lat' dir='ltr'>et</span> <span class='ocrx_word' id='word_1_252' title='bbox 1266 4503 1607 4577; x_wconf 88' lang='lat' dir='ltr'>Plocensi</span> <span class='ocrx_word' id='word_1_253' title='bbox 1662 4502 2054 4600; x_wconf 85' lang='lat' dir='ltr'>Episcopis</span> <span class='ocrx_word' id='word_1_254' title='bbox 2108 4491 2194 4575; x_wconf 86' lang='lat' dir='ltr'>ac</span> <span class='ocrx_word' id='word_1_255' title='bbox 2251 4525 2494 4578; x_wconf 87' lang='lat' dir='ltr'>eorum</span> <span class='ocrx_word' id='word_1_256' title='bbox 2552 4500 2910 4600; x_wconf 85' lang='lat' dir='ltr'>Capitulis</span> <span class='ocrx_word' id='word_1_257' title='bbox 2982 4503 3326 4600; x_wconf 82' lang='lat' dir='ltr'>deinceps</span> <span class='ocrx_word' id='word_1_258' title='bbox 3383 4505 3746 4601; x_wconf 85' lang='lat' dir='ltr'>perpetuis</span> 
     </span>
     <span class='ocr_line' id='line_1_32' title="bbox 756 4613 3740 4723; baseline 0 -26"><span class='ocrx_word' id='word_1_259' title='bbox 756 4613 763 4618; x_wconf 38' lang='lat'><em>⁶</em></span> <span class='ocrx_word' id='word_1_260' title='bbox 850 4625 1291 4723; x_wconf 87' lang='lat' dir='ltr'>temporibus</span> <span class='ocrx_word' id='word_1_261' title='bbox 1344 4625 1751 4699; x_wconf 88' lang='lat' dir='ltr'>firmissime</span> <span class='ocrx_word' id='word_1_262' title='bbox 1807 4626 2202 4699; x_wconf 86' lang='lat' dir='ltr'>observari.</span> <span class='ocrx_word' id='word_1_263' title='bbox 2295 4625 2376 4698; x_wconf 92' lang='lat' dir='ltr'>In</span> <span class='ocrx_word' id='word_1_264' title='bbox 2437 4627 2640 4700; x_wconf 91' lang='lat' dir='ltr'>cuius</span> <span class='ocrx_word' id='word_1_265' title='bbox 2693 4627 2797 4700; x_wconf 86' lang='lat' dir='ltr'>rei</span> <span class='ocrx_word' id='word_1_266' title='bbox 2853 4626 3332 4700; x_wconf 87' lang='lat' dir='ltr'>testimonium</span> <span class='ocrx_word' id='word_1_267' title='bbox 3411 4625 3740 4719; x_wconf 85' lang='lat' dir='ltr'>Sigillum</span> 
     </span>
     <span class='ocr_line' id='line_1_33' title="bbox 850 4744 3744 4844; baseline -0 -23"><span class='ocrx_word' id='word_1_268' title='bbox 850 4755 1167 4821; x_wconf 89' lang='lat' dir='ltr'>nostrum</span> <span class='ocrx_word' id='word_1_269' title='bbox 1225 4747 1727 4844; x_wconf 88' lang='lat' dir='ltr'>praesentibus</span> <span class='ocrx_word' id='word_1_270' title='bbox 1783 4757 1895 4821; x_wconf 86' lang='lat' dir='ltr'>est</span> <span class='ocrx_word' id='word_1_271' title='bbox 1949 4771 2346 4844; x_wconf 88' lang='lat' dir='ltr'>appensum</span> <span class='ocrx_word' id='word_1_272' title='bbox 2429 4749 2697 4821; x_wconf 88' lang='lat' dir='ltr'>Datum</span> <span class='ocrx_word' id='word_1_273' title='bbox 2754 4748 3015 4822; x_wconf 87' lang='lat' dir='ltr'>Vilnac</span> <span class='ocrx_word' id='word_1_274' title='bbox 3065 4747 3179 4821; x_wconf 87' lang='lat' dir='ltr'>die</span> <span class='ocrx_word' id='word_1_275' title='bbox 3220 4744 3466 4821; x_wconf 86' lang='lat' dir='ltr'>Sancti</span> <span class='ocrx_word' id='word_1_276' title='bbox 3519 4747 3744 4822; x_wconf 80' lang='lat' dir='ltr'>Joan·</span> 
     </span>
     <span class='ocr_line' id='line_1_34' title="bbox 848 4868 3739 4966; baseline 0 -23"><span class='ocrx_word' id='word_1_277' title='bbox 848 4870 964 4944; x_wconf 85' lang='lat' dir='ltr'>nis</span> <span class='ocrx_word' id='word_1_278' title='bbox 1017 4868 1390 4966; x_wconf 84' lang='lat' dir='ltr'>Baptistae</span> <span class='ocrx_word' id='word_1_279' title='bbox 1446 4868 1657 4942; x_wconf 89' lang='lat' dir='ltr'>Anno</span> <span class='ocrx_word' id='word_1_280' title='bbox 1712 4871 2006 4943; x_wconf 88' lang='lat' dir='ltr'>Domini</span> <span class='ocrx_word' id='word_1_281' title='bbox 2063 4870 2452 4944; x_wconf 89' lang='lat' dir='ltr'>Millesimo</span> <span class='ocrx_word' id='word_1_282' title='bbox 2518 4869 3118 4963; x_wconf 82' lang='lat' dir='ltr'>Quingentesimo</span> <span class='ocrx_word' id='word_1_283' title='bbox 3175 4877 3381 4943; x_wconf 86' lang='lat' dir='ltr'>sexto</span> <span class='ocrx_word' id='word_1_284' title='bbox 3439 4870 3739 4961; x_wconf 90' lang='lat' dir='ltr'>decim0,</span> 
     </span>
     <span class='ocr_line' id='line_1_35' title="bbox 849 4987 3740 5084; baseline 0 -20"><span class='ocrx_word' id='word_1_285' title='bbox 849 4990 1086 5084; x_wconf 84' lang='lat' dir='ltr'>Regni</span> <span class='ocrx_word' id='word_1_286' title='bbox 1145 4991 1369 5064; x_wconf 89' lang='lat' dir='ltr'>nostri</span> <span class='ocrx_word' id='word_1_287' title='bbox 1424 4989 1637 5064; x_wconf 89' lang='lat' dir='ltr'>Anno</span> <span class='ocrx_word' id='word_1_288' title='bbox 1694 4989 1995 5065; x_wconf 89' lang='lat' dir='ltr'>decimo.</span> <span class='ocrx_word' id='word_1_289' title='bbox 2058 4991 2573 5066; x_wconf 87' lang='lat' dir='ltr'>Praesentibus</span> <span class='ocrx_word' id='word_1_290' title='bbox 2645 4990 3072 5065; x_wconf 71' lang='lat' dir='ltr'>Reverendo</span> <span class='ocrx_word' id='word_1_291' title='bbox 3127 4992 3201 5064; x_wconf 92' lang='lat' dir='ltr'>in</span> <span class='ocrx_word' id='word_1_292' title='bbox 3257 4987 3550 5064; x_wconf 86' lang='lat' dir='ltr'>Christo</span> <span class='ocrx_word' id='word_1_293' title='bbox 3604 4991 3740 5064; x_wconf 86' lang='lat' dir='ltr'>Pa·</span> 
     </span>
     <span class='ocr_line' id='line_1_36' title="bbox 850 5102 3740 5210; baseline 0 -23"><span class='ocrx_word' id='word_1_294' title='bbox 850 5120 981 5205; x_wconf 88' lang='lat' dir='ltr'>tre,</span> <span class='ocrx_word' id='word_1_295' title='bbox 1036 5111 1353 5186; x_wconf 91' lang='lat' dir='ltr'>Domino</span> <span class='ocrx_word' id='word_1_296' title='bbox 1411 5111 1627 5186; x_wconf 89' lang='lat' dir='ltr'>Petro</span> <span class='ocrx_word' id='word_1_297' title='bbox 1684 5102 2047 5210; x_wconf 85' lang='lat' dir='ltr'>Episcopo</span> <span class='ocrx_word' id='word_1_298' title='bbox 2105 5112 2643 5186; x_wconf 84' lang='lat' dir='ltr'>Praemisliensi</span> <span class='ocrx_word' id='word_1_299' title='bbox 2695 5113 2934 5208; x_wconf 84' lang='lat' dir='ltr'>Regni</span> <span class='ocrx_word' id='word_1_300' title='bbox 2988 5113 3214 5187; x_wconf 89' lang='lat' dir='ltr'>nostri</span> <span class='ocrx_word' id='word_1_301' title='bbox 3270 5111 3740 5187; x_wconf 81' lang='lat' dir='ltr'>Vieecancel·</span> 
     </span>
     <span class='ocr_line' id='line_1_37' title="bbox 846 5229 3744 5334; baseline 0 -27"><span class='ocrx_word' id='word_1_302' title='bbox 846 5234 1032 5307; x_wconf 88' lang='lat' dir='ltr'>lario</span> <span class='ocrx_word' id='word_1_303' title='bbox 1086 5256 1174 5307; x_wconf 89' lang='lat' dir='ltr'>ac</span> <span class='ocrx_word' id='word_1_304' title='bbox 1230 5229 1635 5307; x_wconf 79' lang='lat' dir='ltr'>Generosis</span> <span class='ocrx_word' id='word_1_305' title='bbox 1690 5243 1761 5307; x_wconf 87' lang='lat' dir='ltr'>et</span> <span class='ocrx_word' id='word_1_306' title='bbox 1814 5232 2378 5309; x_wconf 87' lang='lat' dir='ltr'>Venerabilibus</span> <span class='ocrx_word' id='word_1_307' title='bbox 2430 5233 2780 5310; x_wconf 83' lang='lat' dir='ltr'>Janussio</span> <span class='ocrx_word' id='word_1_308' title='bbox 2838 5233 3405 5334; x_wconf 66' lang='lat' dir='ltr'>Swyrczewski,</span> <span class='ocrx_word' id='word_1_309' title='bbox 3464 5233 3744 5310; x_wconf 85' lang='lat' dir='ltr'>Castel-</span> 
     </span>
     <span class='ocr_line' id='line_1_38' title="bbox 843 5351 3740 5456; baseline 0.001 -25"><span class='ocrx_word' id='word_1_310' title='bbox 843 5355 1014 5431; x_wconf 89' lang='lat' dir='ltr'>lano</span> <span class='ocrx_word' id='word_1_311' title='bbox 1067 5355 1474 5456; x_wconf 84' lang='lat' dir='ltr'>Byeczensi</span> <span class='ocrx_word' id='word_1_312' title='bbox 1528 5364 1601 5430; x_wconf 89' lang='lat' dir='ltr'>et</span> <span class='ocrx_word' id='word_1_313' title='bbox 1654 5351 2137 5450; x_wconf 86' lang='lat' dir='ltr'>Sandecensi,</span> <span class='ocrx_word' id='word_1_314' title='bbox 2193 5356 2744 5450; x_wconf 83' lang='lat' dir='ltr'>Trebovliensi,</span> <span class='ocrx_word' id='word_1_315' title='bbox 2807 5355 3292 5456; x_wconf 85' lang='lat' dir='ltr'>Ropcziccnsi</span> <span class='ocrx_word' id='word_1_316' title='bbox 3334 5365 3405 5431; x_wconf 92' lang='lat' dir='ltr'>et</span> <span class='ocrx_word' id='word_1_317' title='bbox 3441 5357 3740 5433; x_wconf 90' lang='lat' dir='ltr'>militum</span> 
     </span>
    </p>
   </div>
  </div>
 </body>
</html>
