4055 6364
2168 801 2736 875 -242--

999 1017 1361 1082 tonsuram
1437 1030 1576 1082 non
1649 1008 2015 1100 habuerit,
2092 1013 2183 1086 ab
2252 1013 2722 1106 Evangelista
2794 1013 3237 1110 expellatur3
3312 1013 3432 1108 qui
3506 1035 3672 1085 vero
3726 1013 3861 1086 sine

1001 1130 1466 1226 supcrpilicio
1521 1132 1897 1224 ingressus
1951 1133 2185 1222 fuerit,
2242 1135 2403 1230 ipso
2458 1136 2651 1208 facto
2688 1135 2782 1208 sit
2819 1135 3493 1234 excommunicatum
3550 1157 3679 1207 nec
3714 1156 3861 1229 pos-

1001 1253 1094 1325 sit
1148 1252 1284 1325 nisi
1340 1252 1432 1325 ab
1487 1252 1855 1350 Episcopo
1910 1255 2195 1328 absolvi
2249 1255 2447 1329 iuxta
2503 1254 2853 1330 Statutum
2910 1257 3270 1351 antiquum
3330 1252 3698 1328 Grotonis.

1207 1374 1542 1448 Tonsura
1597 1374 2089 1449 Praelatorum
2146 1385 2219 1450 et
2272 1377 2819 1472 Canonicorum,
2876 1387 3091 1474 atque
3146 1378 3575 1472 reliquorum
3628 1375 3859 1451 Sacer-

1000 1495 1240 1570 dotum
1298 1496 1634 1588 omnium,
1693 1497 1971 1572 hostiae
2030 1499 2320 1574 maioris
2372 1499 2913 1596 amplitudinem
2955 1523 3361 1594 exaequare
3414 1499 3661 1594 debet3
3714 1497 3859 1571 Cle-

999 1619 1304 1692 ricorum
1374 1617 1653 1692 hostiae
1725 1621 2040 1713 minoris,
2117 1644 2298 1715 quae
2354 1620 2624 1717 populo
2681 1620 2928 1714 datur3
2986 1619 3596 1694 Subdiaconorum
3668 1619 3861 1716 paulo

998 1741 1226 1814 maior
1279 1740 1637 1832 clericali3
1695 1741 2182 1815 Diaconorum
2242 1742 2458 1837 paulo
2512 1743 2743 1815 minor
2798 1743 3233 1817 sacerdotali
3288 1742 3401 1815 sit.

1202 1862 1654 1938 Pluvialibus
1723 1862 1932 1957 pileis
1987 1871 2261 1936 aestate
2314 1864 2387 1937 in
2444 1863 2783 1938 Ecclesia
2852 1889 2941 1939 ne
2996 1875 3303 1956 utantur,
3362 1864 3488 1938 sed
3546 1865 3763 1937 bireta
3794 1863 3857 1934 in

999 1983 1282 2059 modum
1339 1984 1574 2057 crucis
1627 1983 1975 2074 deferant,
2034 1985 2169 2058 sub
2226 1985 2624 2081 privatione
2678 2009 2967 2083 panum.

1203 2107 1288 2180 In
1345 2106 1565 2181 choro
1619 2107 1862 2180 nullus
1900 2104 2365 2182 Sacerdotum
2421 2117 2541 2181 aut
2598 2107 3041 2182 Olericorum
3102 2107 3483 2202 colloquiis
3534 2107 3711 2178 inter
3760 2128 3848 2192 se,

996 2229 1201 2322 iocis,
1260 2229 1865 2320 musitationibus,
1941 2239 2064 2303 aut
2117 2228 2424 2302 lectione
2497 2228 2862 2304 literarum
2938 2229 3104 2302 aliis
3158 2230 3617 2302 offensionem
3670 2248 3855 2323 prae-

999 2352 1203 2425 beat:
1261 2350 1390 2424 sed
1446 2375 1695 2426 omnes
1749 2359 2014 2426 attente
2070 2361 2142 2425 et
2194 2351 2454 2424 devote
2510 2360 2736 2444 orent,
2794 2361 2871 2426 ut
2924 2351 3236 2447 populus
3290 2353 3552 2425 bonum
3606 2351 3696 2422 ab
3728 2348 3857 2421 illis

997 2473 1398 2570 exemplum
1475 2475 1807 2571 accipiat.
1884 2471 1962 2548 Si
2019 2475 2181 2569 quis
2234 2497 2325 2546 ex
2381 2473 2739 2546 Praelatis
2813 2483 2934 2546 aut
3000 2471 3393 2546 Canonicis
3445 2479 3689 2544 contra
3736 2470 3857 2542 hoc

999 2595 1397 2689 deliquerit,
1454 2619 1683 2693 panes
1739 2597 2016 2669 amittat
2067 2597 2265 2670 illius
2319 2594 2485 2670 diei.

1439 2960 1550 3041 De
1605 2961 1991 3042 Thesauro
2050 2961 2445 3042 Ecclesiae
2504 2960 2585 3040 et
2638 2956 3089 3060 supellectili
3145 2975 3407 3038 sacra.

1201 3206 1287 3279 In
1346 3204 1577 3281 Altari
1633 3202 2022 3280 Sacristiae
2095 3205 2607 3302 depositorium
2680 3204 3169 3298 Reliquiarum
3247 3210 3651 3275 sanctarum
3712 3197 3848 3271 fieri

998 3327 1426 3419 curabimus,
1504 3335 1580 3402 ut
1648 3329 2094 3403 reverentius
2166 3335 2647 3419 asserventur,
2706 3334 2779 3399 et
2830 3351 2875 3397 a
2930 3324 3383 3398 venientibus
3438 3318 3848 3396 commodius

999 3449 1229 3524 videri
1283 3450 1586 3546 possint.

1201 3572 1286 3645 In
1341 3581 1641 3666 argento
1693 3580 1768 3646 et
1818 3596 1991 3647 auro
2048 3573 2425 3646 Ecclesiae
2481 3595 2663 3667 quae
2712 3572 2941 3643 fracta
2978 3576 3162 3654 sunt,
3202 3574 3648 3663 reparentur3
3684 3584 3843 3659 quae

997 3695 1434 3786 exciderunt,
1489 3695 1914 3769 inserantur.

1202 3816 1624 3906 'Phuribula‚
1698 3818 2091 3914 ampullae,
2148 3826 2219 3891 et
2272 3817 2419 3889 alia
2474 3838 2651 3889 vasa
2704 3813 3000 3906 Altaris,
3050 3835 3233 3907 quae
3290 3809 3709 3883 contrahunt
3754 3828 3850 3879 rn-

999 3940 1314 4033 biginem
1369 3947 1441 4011 et
1493 3939 1926 4033 squalorem,
1986 3938 2278 4035 saepius
2333 3935 2757 4012 mundentur
2814 3944 2883 4007 ct
2936 3940 3447 4029 excoquantur.

1201 4060 1318 4133 Ex
1371 4061 1840 4134 tabernaculo
1895 4061 2217 4134 adinstar
2271 4059 2516 4133 scrinii
2572 4058 2661 4129 de
2714 4057 2985 4130 lamina
3030 4064 3376 4148 argentea
3410 4054 3625 4146 facto,
3676 4049 3851 4125 euius

997 4184 1236 4259 nullus
1290 4205 1465 4258 usus
1521 4206 1684 4256 esse
1738 4192 1996 4279 potest,
2072 4182 2314 4278 patina
2382 4180 2621 4275 ampla
2696 4202 2824 4277 pro
2896 4178 3125 4253 tribus
3198 4176 3342 4251 olei
3396 4176 3627 4249 saneti
3680 4170 3850 4245 vasis

998 4304 1444 4401 deponendis
1497 4314 1805 4401 paretur.

1203 4427 1654 4502 Manubrium
1712 4438 2129 4521 argenteum
2186 4449 2317 4521 pro
2372 4426 2781 4522 aspersorio
2840 4420 3254 4519 parandum.

1204 4548 1470 4623 Vestes
1525 4573 1798 4641 sacrae,
1883 4572 2065 4643 quae
2122 4556 2287 4621 sunt
2338 4546 2645 4634 lacerae,
2720 4544 3131 4617 reficiantur
3198 4550 3272 4614 et
3340 4540 3431 4613 ad
3504 4562 3709 4614 usum
3754 4558 3851 4609 ac·

997 4670 1553 4747 commodentur.

1203 4793 1534 4867 Armaria
1589 4791 2071 4868 commodiora
2120 4815 2249 4889 pro
2284 4792 2433 4866 illis
2482 4787 2948 4864 asservandis
3000 4798 3073 4859 et
3107 4786 3359 4859 ordine
3414 4781 3849 4879 deponendis,

995 4916 1154 4990 fieri
1209 4915 1640 4989 curabimus.

1205 5036 1476 5113 Graeci
1547 5037 1728 5111 ritus
1809 5036 2141 5111 cassulae
2212 5036 2287 5109 in
2340 5058 2552 5109 unum
2625 5034 2857 5107 locum
2924 5029 3406 5128 seponendae,
3464 5035 3535 5100 et
3588 5032 3853 5123 propter

995 5160 1484 5256 antiquitatem
1542 5157 2053 5232 asservandae.

1209 5279 1737 5356 Vieecustodes
1791 5282 1881 5354 ab
1937 5302 2024 5353 eo
2082 5288 2400 5374 tempore
2473 5277 2707 5350 oleum
2778 5298 3061 5349 sacrum
3133 5296 3272 5347 non
3330 5272 3471 5345 nisi
3528 5266 3850 5343 Sacerdo-

997 5405 1186 5478 tibus
1243 5414 1313 5476 et
1367 5403 1678 5477 Clericis
1751 5426 1878 5476 seu
1951 5400 2296 5475 ministris
2366 5398 2744 5471 Ecclesiae
2818 5394 3277 5471 deferendum
3357 5394 3428 5465 in
3486 5390 3853 5464 Paroehias
