4055 6364
2058 678 2527 757 -300-

1970 884 2332 953 Secundum
2377 887 2634 953 Lucam.

1050 1008 1127 1072 In
1173 1006 1288 1074 illo
1334 1008 1617 1091 tempore
1689 1008 1959 1091 oquente
2002 1008 2150 1073 Iesu
2197 1008 2276 1073 ad
2322 1008 2564 1087 turbas,
2613 1009 2922 1075 extollens
2967 1027 3184 1075 vocem
3245 1008 3556 1092 quaedam
3609 1026 3758 1073 mu-

841 1112 960 1177 lier
1004 1110 1081 1177 de
1126 1111 1309 1178 turba
1354 1111 1507 1177 dixit
1572 1112 1651 1178 ad
1696 1112 1937 1177 Iesum:
2018 1110 2257 1178 Beatus
2303 1114 2540 1195 venter,
2610 1114 2715 1199 qui
2761 1114 2827 1180 te
2871 1113 3163 1197 portavit,
3213 1116 3278 1179 et
3321 1114 3536 1193 ubera,
3589 1131 3760 1196 quae

844 1214 1087 1281 suxisti.
1153 1215 1242 1280 At
1284 1215 1391 1280 ille
1439 1214 1631 1281 dixit:
1705 1214 1996 1295 Quinimo
2045 1216 2235 1296 beati,
2304 1216 2412 1299 qui
2457 1217 2738 1283 audiunt·
2763 1218 3025 1283 verbum
3097 1216 3218 1283 Dei
3280 1218 3344 1283 et
3390 1216 3766 1283 custodiunt

842 1319 1023 1387 illud.

1087 1563 1321 1633 Forma
1365 1563 1711 1634 iuramenti
1759 1579 1878 1651 pro
1925 1562 2322 1737 recingezdis
2370 1563 2628 1738 npviter
2672 1564 2737 1635 in
2785 1562 3150 1635 Ecclesiam
3207 1562 3538 1635 praetatis

2065 1682 2102 1736 e
2231 1683 2400 1737 anon
2429 1682 2468 1737 c
2493 1684 2550 1737 s.

1801 1790 2008 1873 (Anno
2061 1786 2228 1853 1545
2272 1790 2336 1854 in
2382 1790 2785 1875 Februario.)

1059 1963 1195 2046 Ego
1240 1960 1319 2027 N.
1386 1958 1523 2025 iuro
1590 1960 1667 2027 ad
1716 1960 1948 2027 Sancta
2011 1963 2130 2028 Dei
2175 1963 2538 2047 Evangelia,
2609 1964 2776 2049 quod
2841 1966 3007 2044 Iura,
3059 1963 3332 2043 statuta,
3383 1964 3658 2029 Decreta
3703 1964 3776 2028 et

856 2064 1359 2133 Consuetudines
1422 2066 1705 2147 receptas
1764 2066 1827 2130 et
1873 2083 1992 2131 usu
2038 2068 2416 2150 approbatas
2480 2068 2671 2135 huius
2733 2068 3052 2133 Ecclesiae
3101 2066 3532 2135 cracoviensis
3593 2068 3774 2133 bona

853 2171 977 2237 fide
1024 2170 1304 2248 servabo,
1373 2169 1585 2254 eisque
1651 2170 1901 2252 parebo.
1970 2169 2035 2236 Si
2081 2189 2229 2238 vero
2274 2172 2409 2237 Deo
2453 2172 2544 2237 ita
2591 2173 2856 2251 volente,
2923 2172 3003 2237 ad
3047 2172 3488 2257 Episcopalem
3536 2171 3770 2255 Regni,

854 2260 1409 2367 Abbatialem
1485 2272 1623 2337 vel
1708 2272 2400 2356 Praepositurae
2483 2276 2924 2359 regularis
2988 2272 3050 2359 *)
3111 2276 3482 2361 dignitatem
3543 2294 3774 2359 quam·

862 2397 1106 2461 cunque
1178 2377 1544 2460 promotus,
1632 2378 1707 2441 et
1768 2396 1910 2459 per
1966 2376 2265 2445 Sedem
2335 2378 2938 2461 Apostolicam
3001 2371 3591 2445 confirmatus
3665 2376 3772 2460 **)

859 2484 1058 2562 fuero,
1108 2500 1183 2547 ac
1226 2482 1377 2547 tunc
1418 2480 1634 2546 villam
1682 2480 2280 2564 praestimonialem,
2351 2484 2461 2548 aut
2505 2483 2761 2549 domum
2809 2483 3238 2565 capitularem,
3289 2482 3591 2550 beneficio
3641 2480 3774 2546 Ca-

860 2586 1041 2672 pituli
1104 2585 1457 2652 obtinueroe
1510 2584 1819 2650 eiusmodi
1882 2586 2099 2651 villam
2146 2586 2210 2652 et
2255 2587 2510 2652 domum
2576 2587 2654 2653 ad
2699 2606 2923 2653 manus
2987 2587 3184 2670 ipsius
3231 2585 3512 2669 Capituli
3569 2586 3777 2652 libere

862 2691 1195 2769 dimittam,
1248 2692 1311 2755 et
1353 2689 1480 2755 illis
1528 2689 1770 2767 cedam,
1842 2690 1919 2755 de
1964 2690 2217 2775 illisque
2265 2688 2556 2774 Capitulo
2621 2692 2818 2757 libere
2866 2693 3195 2777 disponere
3257 2709 3518 2769 exnunc,
3585 2692 3782 2773 prout

863 2802 1087 2862 extunc
1132 2796 1446 2877 permitte,
1496 2794 1685 2877 idque
1722 2794 1877 2860 iuro.
1928 2794 2148 2879 Neque
2193 2796 2574 2862 retentiones
2620 2798 2892 2880 aliquae,
2939 2798 3047 2862 aut
3084 2795 3542 2861 absolutionem
3581 2814 3618 2860 a
3671 2794 3775 2859 iu-

862 2900 1144 2983 ramento
1190 2899 1502 2981 praesenti
1562 2917 1752 2982 super
1794 2900 2153 2966 huiusmodi
2220 2901 2407 2966 domo
2471 2900 2581 2965 aut
2621 2900 2772 2964 villa
2820 2920 2856 2964 a
2900 2898 3059 2965 Sede
3102 2898 3474 2982 Apostolica
3534 2900 3776 2981 petam,

864 3022 979 3070 nec
1024 3003 1395 3087 impetrabo,
1446 3002 1558 3068 sed
1606 3021 1720 3067 nec
1764 3003 2126 3069 huiusmodi
2189 2989 2642 3071 r'etentionibus
2688 3007 2797 3070 aut
2839 3006 3238 3071 absolutione
3300 3021 3338 3068 a
3390 3004 3776 3075 iuramento,

866 3107 1057 3173 etiam
1122 3106 1175 3171 si
1218 3108 1397 3173 motu
1460 3106 1735 3191 proprio,
1804 3110 1913 3171 aut
1956 3107 2020 3171 in
2069 3108 2287 3192 quavis
2349 3107 2549 3173 forma
2594 3108 2825 3173 fuerint
2871 3126 3226 3191 concessae,
3287 3109 3445 3171 utar.
3495 3105 3779 3188 Secreta,

864 3213 1171 3278 tractatus
1218 3212 1283 3276 et
1328 3211 1589 3277 consilia
1665 3209 1963 3294 Capituli,
2032 3231 2190 3296 quae
2236 3233 2347 3296 pro
2396 3214 2651 3279 secretis
2721 3213 2934 3279 haberi
2981 3213 3232 3291 debent,
3302 3211 3530 3295 quibus
3575 3211 3778 3276 inter·

868 3316 1040 3381 fuero
1088 3317 1153 3380 et
1195 3333 1353 3398 qnae
1399 3315 1551 3379 mihi
1595 3314 1831 3380 credita
1874 3315 2132 3400 fuerint,
2207 3316 2286 3381 ad
2335 3317 2631 3382 damnum
2695 3318 2805 3381 aut
2849 3316 3297 3398 praeiudicium
3347 3313 3632 3398 Capituli
3679 3314 3782 3380 vel

869 3419 1285 3504 singularium
1334 3419 1468 3485 eius
1514 3436 1942 3502 personarum,
1990 3421 2146 3485 nulli
2193 3421 2486 3503 pandam.
2536 3421 2680 3485 Iura
2727 3423 2790 3486 et
2832 3421 3160 3505 privilegia
3205 3420 3402 3504 ipsius
3448 3419 3784 3485 Ecclesiae

870 3525 1311 3604 manutenebo,
1382 3521 1655 3588 alienata
1696 3522 1974 3588 indebite
2038 3524 2116 3588 ab
2163 3525 2303 3606 ipsa
2345 3523 2650 3604 Ecclesia,
2723 3524 2802 3590 ad
2849 3524 2946 3590 ius
3010 3528 3072 3590 et
3119 3523 3567 3608 proprietatem
3613 3525 3779 3602 eius,

873 3629 1163 3694 omnibus
1230 3628 1433 3694 modis
1498 3645 1687 3710 posse
1752 3629 1953 3704 tenue,
2024 3627 2360 3706 revocab0,
2409 3627 2474 3693 et
2518 3627 2750 3694 bonum
2810 3628 3132 3696 Ecclesiae
3198 3626 3398 3710 ipsius
3461 3645 3576 3708 pro
3623 3625 3789 3691 meis

872 3733 1109 3798 viribus
1155 3731 1554 3814 promovebo.
1608 3729 1714 3796 Sic
1756 3749 1857 3796 me
1906 3730 2077 3796 Deus
2125 3731 2376 3797 adiuvet
2421 3733 2484 3796 et
2528 3733 2683 3796 haec
2731 3729 2963 3796 Sancta
3007 3731 3126 3796 Dei
3169 3729 3536 3815 Evangelia.

1112 4024 1540 4096 lui-amentum
1588 4022 2116 4110 Recipiendorum
2163 4024 2244 4094 ad
2291 4021 2500 4095 stalla
2545 4022 2909 4095 honorifica
2953 4023 3144 4094 huius
3191 4020 3552 4094 Ecclesiae.

1087 4215 1221 4299 Ego
1270 4214 1349 4280 N.
1400 4215 1537 4280 iuro
1578 4215 1657 4280 ad
1694 4215 1846 4280 haec
1893 4213 2123 4280 Sancta
2160 4214 2278 4280 Dei
2312 4215 2678 4299 Evangelia,
2730 4215 2894 4299 quod
2943 4212 3189 4279 Statuta
3221 4213 3419 4278 huius
3463 4212 3794 4278 Ecclesiae

882 4324 946 4387 et
994 4319 1292 4403 Capituli,
1344 4323 1478 4385 tum
1524 4317 2022 4385 consuetudines
2069 4322 2353 4402 receptas
2401 4321 2465 4384 et
2508 4338 2625 4384 usu
2673 4319 3076 4403 approbatae,
3128 4318 3294 4383 bona
3323 4317 3452 4382 fide
3498 4305 3791 4395 servabo,

880 4426 1029 4491 Iura
1074 4427 1137 4490 et
1184 4422 1517 4508 Privilegia
1563 4423 1843 4488 eiusdem
1888 4423 2208 4487 Ecclesiae
2254 4421 2650 4489 cathedralis
2697 4424 2760 4488 et
2804 4421 3086 4506 Capituli
3139 4411 3581 4498 manutenebo,
3633 4407 3806 4485 alie·'

884 4531 1031 4595 nata
1078 4527 1357 4594 indebite
1402 4528 1481 4592 ad
1528 4528 1625 4592 ius
1673 4529 1736 4592 et
1784 4526 2229 4610 proprietatem
2275 4527 2532 4592 illorum
2595 4526 2886 4592 omuibus
2949 4526 3154 4622 modis
3217 4544 3407 4608 posse
3450 4524 3642 4590 tenua
3686 4543 3796 4590 re-

884 4633 1149 4710 vocabo,
1194 4649 1265 4696 ac
1311 4633 1545 4697 bonum
1588 4631 1908 4696 Ecclesiae
1956 4633 2020 4696 et
2067 4629 2341 4714 Capituli
2407 4650 2518 4714 pro
2568 4630 2722 4696 meis
2768 4631 3004 4696 viribus
3053 4628 3464 4713 promovebo.
3535 4625 3645 4692 Sic
3691 4647 3798 4692 me

887 4737 1059 4804 Deus
1104 4735 1358 4801 adiuvet
1400 4737 1465 4802 et
1511 4736 1664 4800 haec
1710 4733 1942 4800 Sancta
1988 4733 2106 4800 Dei
2149 4734 2512 4820 Evangelia.

985 5047 999 5054 -
1096 5011 1147 5080 *)
1186 5010 1359 5066 Verba
1394 5010 1527 5066 haec
1574 5027 1737 5066 manu
1784 5013 2004 5082 propria
2051 5011 2107 5065 in
2147 5010 2306 5066 Libro
2357 5013 2690 5066 statutorum
2741 5009 3028 5080 adscripsit
3073 5007 3376 5064 Bernardus
3429 5007 3802 5063 Macieicivski

882 5091 1189 5169 'Episcopus
1226 5095 1612 5164 Cracoviensis,
1646 5089 1899 5167 praesens
1934 5097 1991 5152 in
2031 5097 2279 5167 Capitulo
2316 5097 2567 5166 generali.

1100 5184 1182 5254 **)
1218 5182 1445 5239 Addidit
1478 5200 1643 5238 manu
1664 5184 1880 5254 propria
1918 5183 2180 5253 Georgius
2204 5182 2492 5238 Radciwil’l
2529 5182 2846 5250 cardinalis,
2881 5181 3184 5253 Episcopus
3221 5180 3618 5247 cracoviensis,
3649 5183 3799 5236 tem-

891 5287 1019 5342 pore
1054 5271 1410 5326 visitationis.
