4055 6364
1448 744 1965 825 -63-

258 968 669 1035 nostrorum
722 959 1317 1034 mercenariorum
1372 958 1444 1033 in
1502 957 1774 1054 Magno
1847 956 2113 1034 ducatu
2183 958 2654 1054 Lithvaniae,
2737 956 3160 1056 Capitaneo,

256 1082 307 1158 J
310 1104 549 1157 oanne
621 1080 1020 1173 Conarski,
1100 1078 1631 1155 Archidiacono
1704 1078 2173 1155 Cracoviensi
2248 1087 2354 1154 et·
2397 1078 2709 1155 Cantore
2784 1076 3162 1155 Sandomi-

260 1204 507 1294 riensi,
540 1204 899 1278 Stanislao
934 1201 1499 1300 Oleschnyczki‚
1541 1198 1909 1277 Canonico
1956 1199 2392 1295 Gnesnensi‚
2435 1200 2726 1277 Andrea
2755 1201 3161 1300 Krzyczki,

260 1324 717 1401 Scholastico
772 1324 1248 1398 posnaniensi
1303 1332 1374 1398 et
1412 1324 1840 1421 Praeposito
1895 1322 2262 1413 Sredensi‚
2321 1320 2686 1398 Stanislao
2739 1322 3016 1397 Tharlo
3071 1322 3162 1397 de

258 1446 954 1545 Sczekarzowycze‚
1010 1445 1547 1519 Archidiacono
1603 1446 2034 1521 Lublinensi
2089 1444 2517 1521 Secretariis
2563 1446 2830 1520 nostris
2868 1454 2940 1529 et
2975 1445 3162 1520 Leo·

258 1571 488 1644 nardo
544 1570 1213 1668 Pyeczychowski,
1284 1569 1712 1667 Praeposito
1768 1568 2016 1643 Sancti
2075 1568 2460 1643 Michaelis
2513 1569 2588 1641 in
2646 1566 2836 1642 Arce
2893 1566 3162 1643 Gracc.-

261 1694 518 1783 viensi,
576 1692 875 1766 Phisico
913 1700 1180 1784 nostro,
1240 1688 1627 1765 Canonicis
1667 1689 2323 1785 Oracoviensibus3
2382 1686 2749 1764 Stanislao
2803 1688 3164 1765 Chrober-

262 1815 379 1887 ski
435 1813 798 1908 Incisore,
874 1813 1301 1887 Vexillifero
1358 1820 1429 1887 et
1482 1812 1882 1906 Pincerna,
1961 1812 2271 1887 Nicolao
2329 1811 2705 1910 Oczycski
2757 1811 3163 1887 Junivladi-

258 1936 630 2027 slaviensi,
670 1934 1031 2026 Costensi,
1079 1935 1469 2026 Pisdrensi‚
1514 1933 1909 2009 Coninensi
1947 1933 2351 2032 Capitaneo
2383 1944 2452 2009 et
2479 1934 2836 2028 Magistro
2874 1934 3162 2025 stabuli,

258 2057 576 2131 Derslao
658 2057 1071 2154 Zalywski,
1164 2056 1519 2151 Magistro
1593 2056 1967 2154 Coquinae
2050 2054 2314 2131 Curiae
2397 2064 2724 2151 nostrae,
2809 2054 3164 2133 Silvestre

260 2176 719 2269 Oiarowski,
780 2176 1319 2253 Succamerario
1379 2187 1658 2270 nostro,
1716 2178 2187 2275 Caeterisque
2247 2176 2706 2253 Officialibus
2759 2185 2832 2253 et
2884 2178 3165 2253 Aulicis

258 2301 529 2374 nostris
582 2299 675 2374 ad
736 2301 1130 2395 praemissa
1184 2299 1531 2375 Testibus
1583 2300 1725 2374 fide
1783 2300 2025 2394 dignis
2081 2301 2362 2375 sincere
2419 2308 2489 2374 et
2541 2300 2884 2375 fidelibus
2938 2300 3156 2374 dilec-

257 2422 373 2495 tis.
434 2422 699 2495 Datum
760 2446 887 2520 per
941 2446 1193 2496 manus
1249 2422 1554 2520 praefati
1624 2422 2036 2496 Reverendi
2091 2422 2163 2495 in
2220 2420 2513 2496 Christo
2568 2420 2809 2495 Patris
2863 2421 3161 2495 Domini

260 2541 461 2616 Petri
514 2542 869 2641 Episcopi
924 2543 1505 2619 Praemisliensis
1543 2553 1614 2617 et
1650 2539 1888 2638 Regni
1944 2544 2172 2618 nostri
2218 2543 2822 2619 Vicecancellarii
2877 2543 3159 2617 sincere

260 2663 495 2739 Nobis
553 2664 821 2740 dilecti.

1501 2993 1917 3095 LXXIX.

338 3202 856 3303 sigismundus
915 3203 1039 3284 Dei
1098 3205 1351 3304 qratia
1404 3205 1554 3286 Rex
1611 3204 1991 3300 mioniae,
2051 3204 2364 3304 mannus
2421 3204 2574 3284 Dux
2629 3201 3094 3300 Lithvaniae,

722 3326 1041 3408 Russiae
1100 3326 1608 3426 prussiaeque
1667 3325 1817 3406 etc.
1876 3323 2210 3407 dominus
2268 3323 2351 3405 et
2405 3326 2712 3406 haeres.
2765 3345 2770 3350 ·

470 3536 957 3610 Venerabiles
1014 3536 1252 3610 devoti
1312 3536 1537 3611 Nobis
1594 3536 1861 3610 dilecti.
1958 3533 2139 3609 Cum
2197 3558 2417 3633 saepe
2471 3533 2778 3608 antehac
2833 3559 2878 3607 a
2930 3534 3167 3610 Nobis

261 3666 332 3731 et
389 3657 1088 3732 Praedecessoribus
1146 3658 1475 3748 Nostris,
1549 3658 1877 3752 Regibus
1930 3657 2280 3732 Poloniae
2335 3658 2606 3732 fiebant
2673 3655 2964 3754 publica
3017 3657 3166 3730 De-

263 3789 463 3854 creta
517 3789 591 3854 et
643 3777 1233 3873 Constitutiones,
1290 3805 1423 3878 pro
1479 3779 1978 3856 conservando
2015 3779 2089 3852 in
2129 3778 2373 3853 debita
2427 3778 2775 3873 dignitate
2821 3784 2894 3851 et
2929 3778 3168 3873 quiete

264 3899 474 3976 Statu
544 3901 1107 3994 Ecclesiastico,
1184 3926 1270 3976 ac
1327 3902 1730 3977 cohibenda
1784 3901 2001 3975 nimia
2072 3901 2471 3996 aliquorum
2543 3899 2972 3994 ambitione,
3047 3901 3167 3996 qui

262 4025 538 4119 absque
594 4023 740 4097 ulla
797 4023 1227 4099 conditionis
1298 4047 1472 4098 suae
1546 4025 1863 4114 ratione,
1920 4046 2000 4097 se
2056 4023 2330 4120 passim
2403 4021 2496 4096 ad
2567 4021 3030 4096 Praelaturas
3096 4030 3170 4096 et

264 4143 755 4219 Canonicatus
807 4145 1297 4220 Ecclesiarum
1356 4144 1889 4220 Cathedralium
1946 4145 2404 4240 ingerebant,
2478 4145 2824 4242 ipsasque
2880 4141 3166 4219 Consti-

265 4269 583 4341 tutioncs
636 4267 873 4362 Regni
932 4269 1213 4359 Nostri,
1271 4292 1400 4364 per
1457 4269 1967 4363 derogationes
2022 4266 2488 4364 Apostolicas
2542 4289 2804 4360 magna
2856 4266 3164 4360 indigni-

266 4391 543 4483 gnitate
600 4398 673 4463 et
726 4389 929 4482 odio,
1002 4391 1077 4463 in
1133 4413 1212 4464 se
1271 4391 1646 4466 universae
1728 4391 2147 4466 Nobilitatis
2219 4389 2722 4484 infringebant.
2815 4387 3166 4464 Volentes

271 4512 425 4586 Nos
492 4512 663 4586 huic
720 4513 825 4586 rei
878 4514 1155 4586 firmum
1212 4522 1283 4588 et
1338 4523 1811 4611 opportunum
1889 4512 2278 4586 remedium
2335 4512 2702 4606 adhiberi,
2776 4519 2849 4584 et
2917 4509 3168 4584 maiori

269 4643 650 4729 utrumque
707 4631 1055 4709 Statutum
1116 4635 1351 4729 Regni
1408 4635 1658 4709 Nostri
1713 4635 2180 4731 spiritualem,
2238 4633 2573 4707 videlicet
2619 4641 2689 4706 et
2725 4632 3168 4706 saecularem

271 4755 817 4830 benevolentiae
891 4767 961 4830 et
1014 4757 1235 4830 officii
1314 4756 1845 4831 necessitudine
1927 4756 2404 4849 coniungere,
2480 4765 2552 4830 et
2603 4763 2846 4830 mutua
2925 4777 3168 4830 eorum

270 4877 659 4952 concordia
700 4887 770 4951 et
807 4880 1321 4954 consenssione
1378 4879 1820 4976 Respublica
1876 4887 2146 4968 nostra,
2203 4877 2433 4952 maius
2467 4878 2540 4950 in
2582 4877 2738 4950 dies
2788 4900 2918 4974 pro
2954 4876 3168 4951 laude

273 4997 807 5097 Omnipotentis
864 5000 1005 5074 Dei
1043 5009 1114 5074 et
1149 4999 1569 5075 defensione
1626 5024 1713 5073 ac
1764 5001 2101 5074 firmitate
2157 5023 2288 5074 sua
2343 5000 2582 5096 capiat
2629 5001 3164 5090 incrementum,

272 5121 837 5218 impetravimus,
897 5122 1087 5217 apud
1126 5119 1672 5197 Sanctissimum
1712 5124 2097 5197 Dominum
2137 5122 2480 5196 Nostrum
2537 5123 2921 5197 Dominum
2976 5120 3163 5195 Leo-

274 5266 430 5316 nem
496 5241 913 5316 Pontificem
967 5241 1398 5338 Maximum,
1476 5252 1546 5317 et
1600 5240 1935 5318 Sanctam
1991 5241 2254 5318 Sedem
2330 5242 2821 5339 Apostolicam
2897 5241 3164 5316 claram

274 5375 343 5437 et
394 5364 755 5458 insignem
812 5363 1433 5458 Constitutionem,
1494 5374 1571 5441 ut
1624 5364 2219 5462 quemadmodum
2273 5363 2346 5438 in
2385 5363 2751 5460 plerisque
2805 5363 2970 5437 aliis
3025 5361 3163 5438 Re-
