4055 6364
1402 749 1976 825 -221—

1429 995 1975 1095 CCLXXlll.

223 1199 386 1287 nuo
437 1206 780 1303 tempore
837 1221 1284 1303 comparere
1322 1206 1734 1287 teneantur
1792 1204 1856 1286 in
1899 1205 2289 1288 matutinis
2345 1202 2599 1287 Pestis
2651 1201 3129 1285 sanctissimi

223 1323 554 1432 Natalis,
595 1324 870 1408 christi
947 1327 1030 1408 et
1084 1325 1315 1408 Festo
1389 1325 1941 1409 Sanctissimae
2016 1325 2628 1410 Resurrectionis
2700 1323 3133 1407 salvatoris

395 1445 644 1528 nostri
697 1447 900 1544 lesu,
963 1447 1455 1531 Pei-illustres
1512 1452 1596 1530 et
1651 1446 2276 1532 Reverendissimi
2334 1445 2608 1528 Domini
2666 1443 2999 1528 Praelati

827 1571 912 1650 et
966 1567 1308 1651 canonici
1366 1567 1869 1652 cathedrales
1926 1568 2505 1652 cracovienses.

433 1777 540 1852 Ut
593 1778 828 1872 magis
881 1801 970 1851 ac
1023 1780 1260 1873 magis
1328 1787 1678 1874 augeatur
1749 1781 1993 1854 fervor
2065 1777 2491 1870 devotioniS,
2572 1777 2995 1875 praesertim
3050 1778 3126 1851 in

219 1899 799 1973 solemnitatibus
852 1899 1489 2006 principalioribus
1565 1902 1839 1998 primae
1914 1902 2199 1994 elassis,
2278 1897 2710 1973 servandum
2787 1921 2951 1974 esse
3008 1898 3130 1973 de-

217 2026 606 2094 creverunt
677 2019 1144 2094 Perillnstres
1199 2028 1271 2095 et
1323 2022 1940 2097 Reverendissimi
2013 2022 2308 2095 Domini
2380 2019 2791 2118 Capitulum
2866 2019 3130 2095 Cathe-

217 2141 426 2217 drale
502 2139 1026 2216 Cracoviensc:
1087 2151 1163 2217 ut
1218 2143 1333 2217 die
1390 2152 1462 2218 et
1513 2144 1738 2218 Festo
1797 2143 2240 2217 celebritatis
2313 2138 2770 2216 Sanctissimi
2842 2141 3132 2217 Natalis

218 2262 502 2338 Christi
573 2263 891 2351 Domini,
967 2263 1433 2339 Perillustres
1503 2274 1576 2339 et
1627 2264 2247 2339 Reverendissimi
2320 2263 2616 2338 Domini
2686 2261 3011 2338 Praelati
3065 2271 3137 2338 et

214 2383 576 2460 Canoniei
628 2385 702 2458 in
759 2409 891 2460 sua
947 2384 1366 2461 Cathedrali
1439 2387 1779 2461 Ecclesia
1843 2395 2221 2461 teneantur
2308 2408 2732 2483 comparere
2782 2385 2858 2458 in
2915 2385 3135 2460 choro

211 2506 312 2580 ad
370 2506 647 2581 initium
702 2506 1154 2602 Invitatorii;
1213 2507 1438 2582 Festo
1511 2516 1752 2584 autem
1824 2507 2410 2583 Resurrectionis
2465 2507 2916 2582 Sanctissimi
2974 2503 3134 2580 Sal·

211 2629 497 2702 vatoris
551 2625 825 2703 Christi
879 2629 1209 2703 similiter
1261 2636 1640 2705 teneantur
1693 2653 2116 2725 comparere
2172 2628 2267 2702 ad
2317 2629 2593 2703 initium
2632 2630 2905 2726 primae
2955 2627 3133 2702 Pro-

212 2750 581 2825 cessionis
633 2773 766 2848 per
817 2751 1230 2825 Ecclesiam
1301 2751 1458 2825 fieri
1515 2751 1819 2825 solitae:
1896 2753 2429 2848 Decretumque
2502 2774 2706 2826 suum
2761 2773 3134 2849 praesens,

211 2874 366 2947 vim
424 2870 689 2948 Statuti
740 2873 1011 2949 habere
1067 2873 1404 2948 uniformi
1459 2873 1940 2948 consensione
1979 2870 2551 2967 declaraverunt,
2595 2872 3128 2968 declarantque.

1299 3184 1849 3286 CCLXXIV.

215 3394 493 3477 Hense
569 3394 964 3476 Decembri
1041 3392 1498 3493 excinditur,
1573 3412 1716 3477 nee
1775 3394 2245 3496 permittitur
2314 3392 2603 3475 nensis
2679 3392 3133 3475 Amicorum.

213 3516 440 3598 Anno
517 3515 726 3612 1730,
784 3513 1156 3598 sabbathi
1213 3515 1335 3599 die
1411 3515 2031 3740 Ιίηὲῖῃῑῗὲιιςυανίἰ
2092 3515 2595 3598 constitutum
2655 3517 2723 3596 in
2783 3512 3128 3617 capitulo

433 3847 637 3921 lusto
709 3848 870 3921 zelo
951 3856 1023 3921 et
1074 3848 1342 3945 pietate
1415 3846 1611 3921 ducti
1667 3848 2136 3923 Perillustres
2190 3856 2263 3921 et
2314 3846 2927 3921 Reverendissimi
2980 3847 3133 3921 Do-

217 3968 398 4043 mini
455 3966 865 4065 Capitulum
921 3966 1360 4043 Cathedrale
1402 3968 1912 4064 Cracoviense,
1951 3969 2024 4044 id
2083 3972 2320 4066 ipsum
2371 3968 2585 4043 etiam
2624 3968 3129 4043 Illustrissimo

213 4100 290 4165 et
325 4090 970 4165 Reverendissimo
1009 4092 1321 4165 Domino
1363 4091 1701 4189 Principe
1741 4090 1921 4164 Loci
1961 4090 2350 4165 Ordinario
2388 4088 2773 4181 adnitente,
2814 4088 3135 4163 unanimi

213 4235 588 4286 consensu
663 4213 1184 4288 constituerunt
1256 4213 1624 4317 perpetuis
1695 4212 1956 4286 futuris
2038 4212 2484 4308 temporibus
2554 4210 2989 4285 servandum
3065 4217 3138 4285 et

215 4358 358 4433 per
416 4334 702 4409 modum
759 4332 1019 4409 Statuti
1073 4335 1506 4427 habendum,
1567 4359 1655 4409 ne
1712 4334 2102 4431 praecipue
2157 4334 2414 4409 diebus
2470 4330 2717 4407 Sancti
2754 4331 3135 4407 Adventus

213 4454 546 4551 Domini,
603 4456 707 4530 uti
762 4455 1018 4531 diebus
1073 4456 1349 4551 salutis,
1427 4457 1678 4531 maiori
1721 4454 2126 4551 frequentia
2192 4453 2715 4531 Perillustrium
2772 4462 2845 4529 et
2896 4454 3134 4528 Reve-

213 4576 819 4653 rendissimorum
875 4578 1348 4683 Dominorum
1414 4577 1752 4653 Ecclesia
1804 4578 2158 4674 privetur,
2217 4584 2291 4652 et
2342 4600 2434 4651 ex
2487 4576 2874 4651 occasione
2927 4575 3135 4650 Men·

215 4700 328 4775 sis
403 4696 844 4793 Amicorum,
920 4699 1042 4795 qui
1099 4700 1313 4773 etiam
1383 4722 1630 4773 mense
1697 4698 2088 4772 Decembri
2140 4698 2514 4795 hucusque
2568 4697 3133 4796 permittebatur,

215 4820 658 4897 absentandi
713 4843 795 4895 se
848 4822 942 4895 ab
995 4819 1337 4895 Ecclesia
1389 4821 1529 4894 hac
1581 4818 2003 4895 Cathedrali
2058 4820 2396 4895 motivum
2455 4821 2685 4896 detur:
2743 4827 3131 4918 propterea

215 4964 545 5017 mensem
619 4941 1095 5015 Decembrem
1150 4942 1542 5036 integrum,
1617 4941 1706 5016 de
1763 4965 2059 5018 numero
2115 4942 2463 5017 mensium
2518 4942 2685 5037 lege
2738 4942 3131 5040 permisso·

215 5090 382 5142 rum
439 5064 808 5140 exclusum
867 5072 937 5138 et
991 5072 1368 5162 exceptum
1426 5087 1591 5139 esse
1648 5064 2050 5139 voluerunt.
