4055 6364
1391 778 1960 855 —115-

247 990 400 1067 mini
449 991 522 1063 in
575 1012 720 1063 una
773 988 1131 1063 solutione
1185 986 1612 1086 Cappalium
1669 1012 1799 1086 per
1850 987 2179 1061 Fratrem
2246 986 2659 1061 Praelatum
2713 994 2837 1060 aut
2887 984 3125 1060 Cano-

248 1112 456 1187 nicnm
509 1111 585 1184 in
640 1110 874 1208 prima
927 1111 1040 1183 sui
1093 1111 1507 1207 receptione
1558 1111 1790 1203 facta,
1855 1111 2029 1184 licet
2083 1108 2385 1183 eundem
2440 1108 2827 1204 aliquoties
2876 1105 3128 1181 induci

247 1241 310 1310 et
351 1233 566 1330 recipi
624 1240 771 1306 tam
832 1254 966 1329 per
1019 1234 1642 1308 commutationem
1714 1232 2181 1307 Praelaturae
2253 1252 2387 1327 pro
2460 1230 2604 1304 alia
2674 1229 3124 1321 Praelatura,

251 1362 358 1435 aut
403 1353 892 1429 Canonicatus
928 1376 1062 1450 pro
1101 1354 1244 1427 alio
1296 1352 1764 1448 canonicatu,
1823 1377 1953 1429 seu
2008 1355 2221 1427 etiam
2275 1377 2410 1452 per
2460 1376 2719 1427 novam
2773 1350 3125 1449 provisio-

247 1500 388 1557 nem
421 1476 830 1573 contigerit,
886 1474 1465 1571 quandoquidem
1517 1484 1804 1549 exstant
1845 1478 1922 1550 in
1957 1475 2168 1551 Actis
2220 1476 2739 1573 capitularibus
2794 1498 2883 1548 ea
2922 1474 3013 1548 de
3048 1497 3128 1547 re

247 1599 537 1677 recentia
573 1599 928 1696 exempla,
978 1622 1064 1673 eo
1101 1608 1341 1673 tamen
1379 1600 1793 1696 specialiter
1847 1622 2197 1696 expresso
2236 1606 2307 1674 et
2344 1600 2763 1672 observato:
2822 1595 3014 1693 quod
3061 1594 3128 1669 si

245 1722 558 1799 videlicet
611 1721 878 1819 aliquis
931 1720 1291 1795 Dominus
1343 1720 1726 1796 Praelatus
1782 1745 1912 1797 seu
1967 1720 2383 1796 Canonicus
2453 1720 2951 1794 Praelaturam
3004 1724 3128 1791 aut

246 1840 736 1919 Canonicatum
791 1842 1142 1917 dimiserit
1196 1850 1268 1917 et
1311 1844 1809 1938 resignaverit,
1865 1844 1968 1917 ita
2023 1843 2211 1939 quod
2270 1843 2359 1917 de
2414 1841 2754 1915 Ecclesia
2807 1863 2941 1938 per
2989 1838 3119 1913 hn—

243 1965 527 2041 iusmodi
581 1964 1143 2061 resignationem
1201 1965 1543 2058 exiverit,
1613 1966 2151 2061 membrumque
2204 1964 2419 2039 huius
2472 1962 2855 2037 Ecclesiae
2910 1970 3125 2057 atque

245 2085 534 2183 Collcgii
605 2112 772 2163 esse
844 2087 1176 2177 desierit,
1254 2094 1467 2184 atque
1542 2096 1796 2185 postea
1860 2088 2035 2162 licet
2095 2088 2303 2162 brevi
2370 2084 2893 2161 interveniente
2946 2092 3123 2157 tem-

240 2232 396 2305 pore
445 2210 636 2285 idem
691 2209 1052 2283 Dominus
1107 2208 1490 2284 Praelatus
1544 2218 1668 2283 aut
1721 2208 2135 2285 Canonicus
2170 2209 2245 2283 in
2285 2207 2535 2283 eadem
2590 2206 2929 2281 Ecclesia
2983 2202 3125 2281 Ca-

241 2330 528 2409 thedrali
579 2330 1076 2405 Praelaturam
1133 2354 1260 2406 seu
1309 2330 1827 2407 Canonicatum
1883 2355 2379 2428 quemcunque
2434 2351 2859 2427 quocunque
2913 2326 3125 2401 modo

239 2462 596 2531 assecutus
631 2454 869 2547 fuerit,
926 2454 1611 2550 possessionemque
1664 2454 1898 2551 ipsius
1935 2454 2344 2547 obtinuerit,
2402 2451 2572 2525 talis
2624 2473 2712 2525 eo
2752 2448 3125 2546 quodiam

241 2575 318 2649 de
367 2575 696 2653 Ecclesia
751 2577 1106 2668 exiverat,
1165 2576 1256 2649 ad
1315 2577 1742 2651 solutionem
1799 2576 2297 2650 secundariam
2350 2571 2762 2649 huiusmodi
2830 2570 3119 2668 Cappa-

238 2695 392 2771 lium
439 2697 798 2773 tenebitur
851 2698 1127 2797 eritque
1164 2697 1576 2789 adstrictus,
1636 2697 1827 2793 quod
1862 2697 2163 2771 firmiter
2198 2708 2269 2771 et
2303 2680 2823 2772 inviolabiliter
2872 2702 3121 2769 tenen-

239 2815 410 2911 dum,
463 2842 893 2917 semperque
949 2827 1020 2893 et
1056 2825 1407 2916 perpetuo
1461 2819 2017 2913 observandum,
2076 2818 2535 2894 unanimibus
2588 2816 2781 2891 votis
2836 2823 2907 2889 et
2960 2837 3121 2891 sen·

237 2941 458 3016 tentiis
509 2943 984 3017 decreverunt
1037 2950 1108 3015 et
1145 2942 1671 3017 concluserunt.
1731 2943 2079 3017 Notarius
2130 2950 2369 3015 tamen
2426 2940 2846 3037 capitularis
2884 2946 2956 3012 et
2991 2936 3121 3011 Vi-

242 3063 402 3138 carii
465 3064 622 3139 iura
695 3088 830 3141 sua
891 3063 1104 3138 toties
1159 3064 1441 3160 quoties
1516 3064 1780 3160 aliquis
1834 3064 2309 3139 Dominorum
2380 3063 2747 3161 recipitur,
2823 3060 2979 3135 sive
3033 3060 3124 3133 de

240 3185 556 3264 Ecclesia
608 3188 936 3284 exiverit,
993 3188 1149 3262 sive
1204 3210 1369 3283 non,
1425 3186 1696 3262 habere
1752 3186 2135 3263 debebunt.

1379 3515 1383 3520 ’
1465 3499 1875 3602 CXXXI.

237 3705 630 3792 moderatio
668 3725 961 3812 poenae
999 3705 1260 3789 decem
1309 3706 1731 3824 marcarum
1771 3726 1905 3808 pro
1944 3727 2086 3790 non
2127 3706 2448 3808 expletis
2489 3707 2801 3810 quinque
2839 3704 3117 3789 Missis.

897 3828 1104 3912 Anno
1163 3828 1435 3912 Domini
1493 3830 1703 3913 1579.
1760 3828 1890 3912 Die
1944 3830 1997 3911 8
2056 3828 2432 3913 octobris.

427 4040 662 4132 Quum
720 4039 932 4116 nimis
997 4063 1224 4135 grave
1293 4063 1458 4118 esse
1527 4040 1928 4136 videbatur,
2003 4063 2137 4139 pro
2206 4063 2349 4116 non
2422 4041 2732 4139 expletis
2804 4039 3115 4136 quinque

235 4161 468 4238 Missis
517 4167 612 4240 ad
667 4164 922 4240 Altare
976 4165 1206 4238 maius
1259 4187 1306 4236 a
1359 4186 1500 4239 non
1556 4164 2064 4258 residentibus,
2123 4186 2253 4238 seu
2308 4187 2401 4240 ex
2452 4165 2697 4259 aliqua
2730 4185 2953 4238 causa
3001 4185 3115 4236 ra·

235 4285 542 4362 tionabili
595 4290 692 4362 ab
729 4287 1070 4360 Ecclesia
1122 4286 1546 4361 absentibus
1600 4286 1934 4361 Dominis
1987 4285 2349 4361 Praelatis
2386 4294 2457 4362 et
2494 4284 2883 4360 Canonicis
2936 4281 3115 4358 Cra-

234 4409 698 4506 coviensibus,
753 4410 954 4483 iuxta
991 4409 1286 4504 antiqua
1340 4405 1624 4484 Statuta
1663 4410 1984 4484 eiusdem
2022 4408 2407 4482 Ecclesiae
2448 4415 2522 4482 et
2556 4406 3113 4482 declarationem

233 4532 599 4608 eorundem
673 4529 1114 4606 Statutorum
1168 4538 1334 4604 ante
1389 4530 1786 4624 biennium,
1863 4531 2076 4604 Anno
2131 4529 2471 4605 videlicet
2541 4529 2837 4604 Domini
2915 4526 3111 4604 1577

233 4649 338 4726 die
373 4651 418 4728 5
451 4653 832 4728 Februarii
883 4653 1152 4726 factam
1201 4659 1274 4725 et
1311 4653 1859 4748 promulgatam,
1917 4675 2103 4748 quae
2156 4652 2446 4749 incipit:
2518 4650 2916 4741 „Quoniam
2970 4673 3111 4724 non

231 4773 370 4848 sine
421 4777 628 4870 gravi
684 4772 956 4849 Christi
1027 4773 1350 4848 fidelium
1402 4773 1788 4848 scandalo“
1857 4782 1992 4847 etc.
2025 4831 2043 4868 ,
2114 4774 2363 4849 decem
2420 4773 2711 4848 Marcas
2766 4772 3112 4870 pecuniae

232 4917 490 4990 poenae
561 4897 896 4991 exigere:
971 4894 1382 4971 Reverendi
1449 4895 1750 4969 'Domini
1812 4894 1886 4969 in
1941 4895 2309 4992 praesenti
2375 4896 2704 4989 generali
2776 4893 3112 4992 Capitulo

231 5011 298 5092 S.
347 5018 732 5094 Michaelis
785 5017 1235 5112 Archangeli
1289 5019 1745 5112 congregati,
1817 5019 2288 5113 persuasione
2354 5018 2447 5092 ad
2500 5018 2575 5094 id
2628 5015 3111 5092 Reverendis-

231 5139 378 5216 nimi
427 5140 723 5218 Domini
795 5139 999 5216 Petri
1071 5139 1582 5237 Myszkowski
1653 5139 1795 5212 Dei
1865 5140 2103 5233 gratia
2172 5139 2525 5236 Episcopi
2600 5137 3111 5214 Oracoviensis

229 5258 516 5338 feliciter
567 5260 894 5338 moderni
944 5261 1261 5355 adducti,
1320 5262 1923 5356 consulentesque
1977 5262 2119 5336 hac
2166 5261 2239 5336 in
2278 5255 2482 5357 parte
2535 5270 2821 5336 mutuae
2860 5267 2932 5334 et
2965 5260 3109 5334 fra-

229 5390 454 5462 ternae
523 5386 712 5466 inter
763 5408 846 5460 se
900 5384 1263 5479 charitati,
1337 5383 1432 5460 ad
1487 5407 1698 5459 unam
1753 5385 2244 5460 tantummodo
2316 5384 2640 5459 Marcam
2713 5382 2988 5457 numeri
3040 5389 3113 5455 et
