4055 6364
2077 775 2637 854 -204—

892 987 1298 1083 gentesimo
1373 983 1653 1061 decimo
1725 986 1973 1084 quinto
2044 1009 2293 1060 mense
2364 985 2784 1081 Februario,
2858 988 3054 1062 circa
3104 995 3510 1082 regestrum
3564 987 3819 1083 quoti-

893 1107 1154 1184 dianae
1211 1113 1602 1206 perceptae
1654 1108 1834 1204 lata,
1891 1114 1971 1184 ut
2019 1103 2115 1182 ad
2174 1131 2481 1204 unguem
2555 1110 3047 1202 observentur,
3124 1109 3529 1207 praesentis
3578 1131 3819 1202 gene-

892 1229 1074 1304 ralis
1143 1225 1464 1328 Capituli
1535 1229 1854 1304 Decreto
1915 1237 2485 1323 reassumuntur,
2564 1229 2973 1325 obligantes
3041 1231 3397 1305 Dominos
3448 1229 3821 1327 Vicepro·

894 1359 1262 1428 curatores
1334 1372 1465 1449 pro
1519 1359 1842 1450 tempore
1913 1351 2218 1445 futuros,
2276 1375 2366 1424 ne
2421 1352 2993 1449 quandocunque
3061 1353 3359 1449 quosvis
3412 1359 3827 1452 proventus

893 1472 1041 1547 alio
1111 1479 1531 1546 convertere
1603 1471 1952 1567 audeant,
2030 1495 2243 1568 quam
2318 1473 2461 1546 sint
2514 1497 2557 1546 a
2612 1473 3149 1549 Fundatoribus
3204 1473 3543 1566 ordinati,
3610 1471 3821 1546 idem

893 1595 1230 1688 exigente
1302 1591 1776 1693 dispositione
1851 1591 2057 1670 Sacri
2130 1593 2408 1668 Concil.
2486 1595 2813 1670 Trident.
2887 1591 3229 1669 Sessione
3300 1593 3397 1668 22
3454 1619 3615 1690 cap.
3716 1592 3816 1665 ll

895 1714 986 1790 de
1039 1711 1600 1806 Reformatione,
1658 1721 1872 1812 utque
1909 1717 1982 1790 in
2022 1715 2591 1813 dispartimentis
2648 1717 3025 1812 quibusvis
3060 1715 3275 1790 etiam
3316 1715 3815 1806 Decimarum,

892 1857 1035 1910 nou
1071 1835 1273 1910 iuxta
1325 1836 1621 1933 antiqua
1676 1837 1993 1912 Deoreta
2027 1837 2444 1934 frequenter
2480 1839 2846 1929 mendosa,
2904 1835 3035 1912 sed
3070 1837 3269 1910 iuxta
3306 1835 3819 1930 Privilegium,

895 1955 1507 2054 dispensationem
1581 1958 1968 2032 eorundem
2026 1967 2099 2032 et
2164 1957 2682 2066 Ordinationes
2754 1962 3225 2034 Decretorum
3300 1957 3819 2056 capitularium

895 2102 976 2154 se
1010 2102 1266 2175 gerere
1321 2079 1610 2154 omnino
1669 2081 2020 2155 noverint.

1925 2273 2002 2442 :s
2166 2389 2527 2490 chul.

894 2597 1245 2680 Summae
1299 2597 1784 2699 proventuum
1841 2596 2453 2698 qualiumcunque
2508 2597 3134 2680 Reverendissimi
3190 2597 3503 2700 capituli
3552 2599 3821 2682 diatri-

898 2715 1262 2816 buendae,
1295 2719 1581 2820 quanta
1636 2717 1972 2818 portione
2031 2718 2192 2798 dari
2248 2717 2578 2799 debeant
2614 2715 3391 2818 viceprocuratoriae,
3432 2719 3501 2800 in
3538 2721 3816 2803 eodem

1029 2839 1365 2942 uenerati
1420 2837 1782 2940 capitulo,
1842 2839 1925 2918 ut
1978 2857 2236 2938 supra,
2294 2839 2410 2920 die
2464 2839 2662 2921 lovis
2720 2839 2800 2921 10
2859 2838 3210 2922 octobris
3265 2841 3669 2923 statutum.

1105 3049 1586 3125 Constitutum
1660 3049 2077 3145 specialiter
2146 3071 2277 3145 per
2328 3048 3005 3123 Reverendissimos
3078 3051 3431 3126 Dominos
3504 3053 3821 3126 Praela-

895 3181 1011 3249 tos
1080 3177 1154 3246 et
1223 3169 1634 3245 Canonicos
1715 3170 2195 3246 Cathedrales
2278 3167 2809 3245 Oracovienses
2878 3172 2952 3245 in
3026 3175 3387 3269 praesenti
3463 3173 3821 3271 Capitulo

893 3294 1242 3391 generali,
1301 3294 1491 3389 quod
1549 3294 2085 3390 qualescunque
2140 3290 2473 3367 Summae
2529 3316 2619 3365 ex
2656 3294 3123 3389 proventibus
3176 3294 3823 3371 Reverendissimi

896 3415 1216 3514 Capituli
1285 3416 1442 3490 sive
1518 3422 1812 3511 paratae
1867 3425 1939 3490 et
1990 3423 2160 3490 actu
2212 3416 2663 3513 importatae,
2722 3416 2879 3489 sive
2931 3415 3426 3514 importandae
3493 3418 3819 3511 futurae,

797 3622 814 3643 ,
892 3540 968 3612 in
1021 3536 1289 3613 scrinio
1327 3561 1456 3611 seu
1504 3538 1793 3612 scriniis
1845 3538 2211 3634 repositae
2262 3538 2565 3629 fuerint,
2624 3534 2874 3610 eadem
2930 3538 3197 3612 scrinia
3252 3538 3529 3613 duabus
3578 3541 3813 3635 seris,

893 3683 1038 3736 una
1087 3660 1256 3754 fixa,
1311 3660 1537 3734 altera
1591 3661 1904 3758 pendula
1959 3669 2033 3735 et
2088 3661 2367 3752 mobili,
2426 3659 2871 3751 claudantur,
2928 3684 2973 3733 a
3028 3660 3383 3756 dictisque
3439 3661 3625 3735 binis
3680 3684 3815 3736 se.-

895 3783 998 3858 ris
1052 3781 1238 3857 duae
1292 3782 1578 3874 claves,
1655 3806 1796 3856 una
1847 3784 1940 3856 ab
1996 3782 2157 3878 ipso
2230 3781 2638 3854 immediate
2713 3782 2981 3855 scrinio
3056 3782 3150 3855 sit
3216 3789 3289 3856 et
3338 3784 3412 3855 in
3470 3783 3821 3859 manibus

893 3905 1244 3979 habeatur
1313 3902 1760 3978 Perillustris
1831 3911 1903 3977 et
1963 3902 2584 3977 Reverendissimi
2655 3902 3195 3996 procuratoris,
3270 3904 3497 3977 altera
3564 3903 3821 3980 clavis

894 4050 941 4101 a
991 4048 1156 4101 sera
1189 4024 1458 4107 ,mobili
1510 4025 1702 4122 apud
1756 4023 2163 4099 Admodum
2220 4024 2721 4099 Reverendum
2776 4024 3498 4121 Viceprocuratorem
3550 4034 3817 4102 tenea-

893 4155 1032 4223 tur.
1122 4144 1202 4221 Si
1254 4168 1428 4229 vero
1502 4146 1687 4221 tales
1759 4143 2095 4221 Summae
2150 4146 2240 4219 ad
2299 4146 2916 4220 distribunendum
2985 4148 3355 4241 venerint,
3433 4147 3821 4244 praefatus

895 4268 1344 4343 Perillustris
1409 4268 1768 4342 Dominus
1847 4266 2289 4342 Procurator
2361 4275 2627 4341 tantam
2684 4268 3084 4363 portionem
3140 4266 3476 4343 Summae
3527 4269 3615 4341 ad
3672 4293 3819 4343 ex-

895 4388 1302 4488 ponendum
1357 4387 1762 4464 Admodum
1818 4389 2251 4465 Reverendo
2306 4388 2941 4487 Viceprocuratori
2996 4388 3225 4485 dabit,
3282 4398 3615 4486 quantam
3671 4413 3816 4465 ne-

896 4512 1203 4586 cessitas
1255 4510 1600 4607 temporis
1657 4519 1727 4585 et
1780 4512 2055 4605 negotii
2110 4512 2608 4609 postulaverit.
2659 4511 2769 4584 Ac
2823 4513 2887 4585 si
2940 4512 3195 4585 iterum
3248 4512 3387 4585 hac
3442 4512 3813 4607 exposita,

895 4654 1197 4709 necesse
1265 4632 1482 4707 fuerit
1549 4633 1768 4707 aliam
1840 4656 2241 4731 exponere,
2326 4634 2543 4707 simili
2632 4632 2843 4707 modo
2915 4632 3363 4707 Perillustris
3442 4633 3817 4709 Dominus

895 4752 1334 4829 Procurator
1405 4754 1750 4852 procedet
1820 4762 1891 4829 et
1959 4754 2328 4831 exdividet
2405 4754 2872 4850 quantitatem
2955 4764 3374 4854 oportunam
3461 4752 3819 4831 Summae

897 4874 1349 4949 dividendae.
