4055 6364
1458 705 2017 780 -277—

490 910 595 975 De
638 877 1011 996 gradibus
1063 915 1135 978 et
1180 912 1463 980 Stallis
1508 911 1937 978 formarum
1987 911 2246 997 (Statut.
2279 915 2416 999 IV).
2458 915 2598 982 Hoc
2635 915 2956 984 Statutum
2993 919 3185 986 babet

286 1031 467 1078 suam
530 1017 995 1083 executionem:
1064 1018 1278 1084 extant
1334 1017 1497 1082 enim
1558 1032 1724 1082 nunc
1786 1015 1986 1082 Stalla
2049 1016 2506 1085 Canonicorum
2576 1021 2821 1088 duobus
2883 1021 3183 1108 gradibus

284 1117 512 1184 altiora
556 1117 771 1186 Stallis
816 1120 1228 1188 Vicariorum.

490 1325 597 1392 De
638 1346 785 1394 non
828 1327 1223 1396 faciendis
1280 1327 1681 1396 Canonicis
1742 1329 2201 1414 gratialibus
2262 1330 2514 1415 (Statut.
2561 1332 2697 1416 IX).
2773 1332 2914 1399 Hoc
2963 1331 3180 1398 Statu-

280 1430 417 1496 tum
464 1449 501 1496 a
547 1433 993 1500 constitutione
1038 1433 1173 1500 eius
1217 1433 1541 1518 hucusque
1588 1434 1803 1500 stricte
1849 1434 2238 1502 observatur.

492 1638 600 1706 De
644 1639 1155 1707 testamentis
1200 1660 1335 1724 per
1382 1641 1788 1707 Praelatos
1854 1642 1924 1705 et
1985 1639 2421 1708 Canonicos
2491 1642 2920 1720 faciendis,
2971 1643 3182 1710 etde

292 1743 710 1810 derelictis
755 1745 936 1828 post
982 1745 1410 1810 intestatos
1456 1765 1588 1828 per
1634 1743 2065 1826 Capitulum
2115 1745 2624 1830 disponendis
2671 1746 2930 1830 (Statut.
2975 1747 3174 1833 XIV).

286 1847 468 1913 Haec
512 1847 841 1932 dispositio
889 1849 1077 1914 etiam
1124 1868 1289 1915 nunc
1334 1849 1755 1932 punctualiter
1799 1851 2098 1916 servatur.

488 2055 597 2121 De
642 2055 1027 2122 electione
1072 2055 1659 2139 Episcoporum‚
1712 2056 2077 2141 obligans
2125 2075 2249 2124 eos
2298 2057 2567 2123 statim
2623 2060 2804 2141 post
2849 2058 3174 2125 electio·

282 2179 455 2225 nem
516 2160 779 2224 iurare
838 2159 910 2224 in
960 2157 1329 2241 Capitulo
1399 2160 1485 2225 de
1550 2161 1956 2226 servandis
2022 2163 2186 2226 eius
2251 2161 2619 2240 Statutis‚
2691 2162 3176 2246 Privilegiis‚

282 2263 796 2328 libertatibus
844 2261 1099 2347 (Statut.
1150 2263 1319 2348 XV):
1387 2264 1554 2348 quod
1602 2264 1919 2330 Statutum
1965 2267 2118 2331 tunc
2160 2265 2378 2344 valuit,
2431 2285 2572 2331 cum
2619 2267 2696 2331 de
2741 2267 2946 2331 medio
2997 2265 3179 2349 Capi-

284 2367 403 2430 tuli
454 2368 849 2452 eligebantur
893 2367 1229 2449 Episcopi3
1298 2387 1461 2432 nunc
1508 2369 1934 2434 nominatione
1984 2388 2195 2435 eorum
2243 2370 2552 2436 translata
2613 2370 2692 2434 ad
2739 2370 3183 2435 Serenissimos

280 2470 509 2554 Reges,
556 2471 901 2553 praefatum
950 2471 1393 2548 iuramentum,
1462 2473 1626 2554 quod
1676 2475 1826 2538 olim
1889 2474 2038 2556 post
2084 2474 2448 2539 electionem
2514 2475 2934 2556 praestabant,
3002 2493 3180 2556 prae-

280 2576 455 2641 stant
504 2577 565 2639 in
612 2577 755 2640 actu
802 2575 1079 2660 igressus
1128 2576 1222 2639 sui
1269 2577 1348 2640 ad
1395 2575 1789 2642 cathedram.

491 2783 596 2848 De
644 2783 915 2868 gratiis
963 2803 1095 2867 per
1141 2783 1697 2860 Antecessfores
1740 2783 2162 2867 Episcopos
2210 2783 2554 2862 collatis,
2605 2804 2734 2866 per
2771 2783 3174 2850 Successo-

279 2906 437 2953 rem
486 2907 627 2952 non
673 2888 1130 2953 revocandis
1196 2886 1449 2972 (Statut.
1500 2888 1699 2972 XIX),
1768 2888 2015 2953 videtur
2058 2887 2562 2971 intelligendum,
2629 2888 2746 2952 nisi
2793 2888 2955 2953 forte
3001 2905 3179 2970 prae·

286 2991 453 3057 fatae
500 2991 738 3076 gratiae
785 3011 909 3057 non
958 2991 1085 3056 sint
1130 3009 1239 3077 per
1286 2989 1637 3074 Capitulum
1686 2991 2082 3073 approbatae.

490 3202 595 3265 De
640 3200 944 3265 fabrica
1006 3200 1465 3276 Ecclesiae,
1536 3218 1664 3279 pro
1713 3217 1854 3282 qua
1922 3198 2353 3280 Episcopus
2420 3200 2605 3265 duas
2663 3201 2967 3279 panea,
3026 3201 3181 3265 ter-

280 3304 474 3369 tiam
524 3302 972 3385 Capitulum
1024 3303 1515 3368 contribuere
1564 3303 1881 3366 tenetur
1926 3302 2166 3386 (Statut
2209 3303 2377 3385 XX).
2445 3304 2586 3367 Hoc
2633 3302 2949 3368 Statutum
3019 3302 3180 3389 obli-

278 3410 393 3491 gat
438 3407 914 3473 Illustrissimos
960 3408 1115 3473 Loci
1147 3407 1511 3473 ordinarios
1558 3409 1621 3470 et
1669 3404 2027 3488 Capitulum
2062 3408 2124 3470 in
2152 3406 2404 3471 fabricis
2453 3407 2872 3473 notabilibus:
2921 3426 3032 3489 pro
3081 3426 3182 3470 or-

278 3512 543 3577 dinariis
609 3513 775 3577 enim
842 3513 903 3577 et
951 3510 1297 3575 minoribus
1361 3510 1593 3575 debent
1666 3528 1970 3592 expensae
2046 3511 2355 3594 provideri
2428 3511 2504 3576 de
2554 3510 2946 3589 canonibus,
3024 3528 3183 3593 quos

278 3616 615 3680 Donatarii
662 3616 981 3681 annuatim
1030 3615 1270 3681 solvere
1315 3615 1624 3679 tenentur.

491 3822 600 3887 De
646 3822 1067 3888 medietate
1141 3820 1573 3887 solut-ionis
1648 3821 2162 3903 impensarum
2226 3840 2358 3904 pro
2423 3822 2708 3889 litibus
2769 3819 3176 3887 Ecclesiae

278 3945 419 4008 per
452 3924 1112 3991 Illustrissimum
1158 3926 1334 3989 Loci
1374 3924 1871 3989 Ordinarium
1917 3924 2294 4003 facienda,
2345 3924 2423 3991 et
2467 3926 2722 3991 altera
2765 3924 3183 3989 medietate

274 4050 421 4115 per
486 4028 953 4111 Capitulum
1020 4030 1092 4094 et
1135 4031 1387 4093 totum
1469 4026 1765 4092 Clerum
1830 4028 2242 4093 Dioecesis
2311 4028 2570 4113 (Statut.
2619 4030 2854 4113 XXII).
2927 4028 3020 4093 De
3065 4026 3184 4091 hac

280 4134 602 4200 solutione
666 4133 911 4217 quoties
976 4134 1220 4199 occasio
1267 4133 1529 4211 venerit,
1580 4131 2023 4196 conferendum
2079 4130 2324 4196 videtur
2373 4152 2514 4197 cum
2559 4131 2999 4197 Illustrissimo
3047 4130 3179 4193 Do-

280 4238 459 4303 mino
508 4238 653 4303 Loci
705 4238 1055 4303 OrdinariO.

491 4444 597 4509 De
642 4464 791 4510 non
836 4444 1330 4526 impositione
1378 4443 1883 4509 collectarum
1928 4443 1997 4507 in
2049 4441 2385 4525 Clerum,
2454 4444 2525 4507 et
2571 4443 2958 4509 electione
3008 4439 3182 4506 Col-

276 4552 493 4617 lecto
515 4568 687 4613 rum
735 4550 799 4613 si
824 4569 861 4614 n
884 4568 918 4613 e
964 4568 1145 4613 cons
1170 4568 1302 4614 ens
1324 4568 1364 4613 u
1414 4548 1507 4615 Ca
1533 4547 1796 4630 pituli
1844 4545 2108 4627 (Statut.
2141 4546 2404 4629 XXIII).
2443 4546 2584 4612 Hoc
2631 4546 2950 4612 Statutum
2998 4545 3185 4610 etiam

278 4673 451 4720 nunc
498 4653 890 4735 observatur,
942 4655 1190 4737 quando
1231 4651 1660 4719 Commissarii
1706 4652 2127 4715 Hibernorum
2176 4653 2239 4715 et
2295 4650 2848 4718 Contributionum
2883 4668 3183 4735 persona·

274 4760 437 4823 lium
486 4758 957 4824 constituuntur
1003 4777 1304 4841 personae
1350 4755 1747 4839 capitulares,

492 4964 607 5029 De
672 4964 1125 5031 dimissione
1190 4964 1542 5030 Vicariae
1628 4965 1702 5028 et
1766 4963 2058 5028 Altaria
2137 4965 2212 5029 in
2267 4964 2630 5030 Ecclesia
2707 4961 3180 5039 Cathedrali,

275 5071 465 5153 post
520 5070 1084 5151 promotionem
1130 5069 1228 5134 ad
1274 5067 1748 5134 Beneficium
1814 5066 2172 5133 Curatum
2237 5069 2493 5153 (Statut.
2543 5068 2802 5151 XXIV).
2859 5066 2998 5131 Hoc
3044 5065 3186 5132 Sta-

276 5176 491 5239 tutum
538 5175 614 5238 ad
665 5190 959 5255 praesens
1008 5173 1391 5250 observatur,
1445 5172 1509 5237 et
1544 5174 1616 5237 ut
1651 5172 1713 5235 in
1753 5174 2078 5254 posterum
2120 5172 2503 5252 observetur,
2562 5189 2858 5254 praesens
2895 5169 3186 5256 generale

278 5276 644 5363 Capitulum
692 5276 971 5342 decernit
1014 5275 1495 5342 observandum.
