4055 6364
1320 2032 1411 2156 D
1448 2031 1534 2156 E
1568 2031 1644 2158 C
1678 2032 1771 2157 R
1808 2032 1897 2157 E
1922 2032 2021 2157 T
2042 2034 2136 2157 A

272 2263 889 2357 BERNARDI
922 2264 1735 2369 MAOIEIOWSKI
1762 2265 2290 2359 EPISOOPI
2327 2266 3173 2359 cRAcovaSIS

1028 2476 1521 2551 cracoviae,
1566 2478 1703 2541 <ne
1746 2448 1848 2541 '14
1891 2477 2144 2550 1unfi,
2187 2476 2430 2541 1602.

1522 2685 1931 2693 ou————-—-——-

483 2941 899 3017 Bernardus
941 2942 1445 3018 Macieiowski
1494 2943 1635 3017 Dei
1672 2950 1743 3017 et
1778 2941 2248 3040 Apostolicae
2301 2939 2518 3019 Sedis
2569 2942 2809 3038 gratia
2861 2942 3170 3040 Episco-

268 3086 415 3161 pus
469 3061 1003 3157 Oracoviensis,
1032 3063 1206 3139 Dux
1258 3059 1713 3139 Severiensis
1768 3071 1901 3139 etc.
1960 3062 2414 3138 Reverendis
2465 3086 2554 3137 ac
2607 3062 3170 3139 Venerabilibus

270 3185 613 3260 Dominis
664 3184 751 3258 P]
769 3184 1049 3278 aelatis,
1107 3182 1519 3278 canonicis,
1577 3186 1848 3282 totique
1886 3182 2224 3283 Capitulo
2279 3185 2661 3260 Ecclesiae
2713 3182 3175 3261 Cathedralis

270 3303 814 3398 cracoviensis,
859 3306 1240 3380 Fratribus
1308 3306 1381 3379 in
1412 3304 1704 3381 Christo
1777 3307 2248 3401 charissimis,
2318 3306 2623 3383 salutem
2695 3307 2770 3381 in
2825 3307 3162 3382 Domino.

486 3426 599 3500 Ex
654 3427 898 3502 debito
952 3427 1338 3524 pastoralis
1391 3429 1615 3502 officii
1668 3430 1881 3503 nobis
1934 3452 2342 3524 quanquam
2414 3399 2788 3534 immeritis
2859 3450 3172 3526 superna

270 3548 821 3646 dispensatione
884 3547 1270 3641 commissi,
1310 3545 1691 3622 Civitatem
1745 3557 1818 3622 et
1853 3549 2268 3624 Dioecesim
2301 3557 2616 3624 nostram
2656 3549 2950 3624 visitare
3004 3571 3171 3646 pro-

268 3677 608 3767 ponente,
684 3670 778 3744 ab
848 3668 1186 3744 Ecclesia
1258 3666 1725 3763 Cathedrali,
1800 3692 1984 3765 quae
2038 3671 2340 3747 aliarum
2392 3671 2468 3744 in
2521 3669 2868 3744 Dioecesi
2919 3677 3168 3744 nostra

268 3777 773 3865 Ecclesiamm
809 3800 1037 3865 mater
1072 3801 1185 3866 est
1228 3800 1301 3867 et
1335 3791 1718 3886 magistra,
1760 3792 2151 3866 secundum
2205 3791 2729 3889 praescriptum
2781 3781 3167 3866 Sacrorum

270 3909 653 3986 Oanonum
706 3912 1189 3986 visitationem
1260 3911 1603 3987 inchoare
1674 3912 2056 3988 voluimus.
2113 3915 2196 3987 In
2251 3937 2394 4009 qua
2448 3911 2886 3987 Visitatione
2939 3911 3166 3985 omni-

270 4035 415 4108 bus
468 4032 855 4127 diligenter
904 4034 1253 4130 inspectis
1306 4040 1379 4108 et
1404 4033 1877 4128 examinatis,
1932 4020 2011 4106 *et
2047 4056 2232 4130 quae
2287 4033 2731 4108 correctione
2787 4031 3010 4126 digna
3059 4032 3167 4105 vi-

270 4152 651 4247 debantur,
699 4153 1068 4248 correctis,
1126 4155 1201 4228 in
1237 4156 1489 4253 primis
1526 4153 1808 4230 Statuta
1843 4157 2083 4230 omnia
2118 4155 2500 4230 Ecclesiae
2534 4154 2748 4229 huius
2784 4153 3168 4251 primariae

272 4283 351 4350 et
402 4272 959 4349 consuetudines
1011 4275 1417 4351 laudabiles
1468 4277 1681 4352 vobis
1736 4277 2340 4374 commendamus3
2398 4275 2659 4350 deinde
2689 4298 2795 4367 ea,
2853 4297 3038 4370 quae
3091 4274 3168 4348 in

270 4395 711 4470 Visitatione
764 4397 1250 4472 antecessoris
1303 4398 1531 4472 nostri
1585 4395 1893 4492 Georgii
1946 4396 2360 4472 Cardinalis
2410 4394 2798 4470 Radziwili
2850 4394 3036 4468 bene
3093 4402 3166 4470 et

268 4516 735 4592 laudabiliter
786 4517 879 4591 de
931 4540 1295 4593 consensu
1337 4519 1647 4594 omnium
1690 4520 2180 4595 praelatorum
2221 4526 2293 4593 et
2327 4515 2876 4608 Canonicorum,
2914 4515 3164 4589 totius-

268 4662 413 4737 que
468 4637 785 4736 Capituli
856 4637 1186 4714 ordinata
1237 4639 1545 4735 fuerunt,
1602 4643 2116 4738 approbamus;
2193 4648 2556 4738 postremo
2610 4634 2964 4732 quaedam
3019 4633 3160 4709 Ca-

268 4761 499 4859 pitula
552 4783 759 4854 nova,
827 4770 949 4834 aut
1001 4767 1196 4836 certe
1262 4761 1354 4834 ad
1410 4761 1965 4836 declarationem
2012 4761 2328 4858 priorum
2390 4755 2842 4856 pertinentia,
2899 4777 3164 4853 propo-

266 4881 510 4957 nenda
560 4881 770 4957 vobis
822 4881 1269 4978 putavimus:
1348 4904 1533 4978 quae
1593 4889 1672 4956 ut
1720 4882 1797 4957 in
1851 4882 2274 4957 executione
2328 4881 2511 4974 sint,
2584 4900 2720 4953 vos
2786 4899 3038 4952 omnes
3094 4884 3167 4951 et

266 5003 601 5097 singulos
652 5003 727 5076 in
780 5003 1095 5078 Domino
1147 5003 1516 5078 hortamur
1567 5004 1747 5078 etin
1783 5003 2044 5077 virtute
2098 5010 2393 5077 sanctae
2447 4998 2900 5076 obedientiae
2953 5020 3161 5095 prae-

266 5126 595 5223 cipimus.

477 5247 669 5322 Ante
750 5248 986 5322 omnia
1064 5247 1363 5321 Fratres
1442 5244 1894 5320 dilectissimi
1974 5244 2217 5319 videte
2289 5243 2736 5318 vocationem
2819 5247 3156 5332 vestram,

269 5371 439 5468 quia
489 5370 710 5468 positi
765 5369 942 5444 estis
994 5375 1333 5465 tanquam
1374 5369 1719 5448 ,lucernae
1774 5390 1990 5464 super
2023 5364 2533 5440 candelabrum
2587 5363 2661 5436 in
2714 5362 2954 5434 Domo
3005 5359 3156 5432 Do-
