4055 6364
1432 734 2004 809 -129—

1500 1010 1931 1113 CXLVII.

261 1220 374 1303 ne·
433 1220 831 1304 seminatis
906 1221 973 1303 in
1035 1222 1232 1305 villis
1307 1220 1846 1322 capitularibus
1921 1221 2271 1319 Brzezie,
2358 1221 2838 1323 Pycncwice,
2919 1222 3159 1306 Borek

492 1342 1014 1445 relinquendis.
1070 1344 1279 1427 Anno
1337 1343 1608 1427 nomini
1663 1344 1876 1426 1583.
1936 1342 2064 1426 nis
2118 1341 2427 1425 Saturni
2481 1344 2500 1424 l
2559 1342 2935 1427 octobris.

465 1552 851 1629 Obviando
906 1555 1238 1651 viamque
1293 1553 1962 1652 praecludendoiin
2013 1556 2327 1630 futurum
2398 1554 2773 1653 quibusvis
2828 1554 3158 1630 differen-

255 1676 374 1751 tiis
449 1700 536 1750 ac
599 1675 1022 1771 discordiis,
1097 1700 1281 1773 quae
1350 1677 1538 1751 inter
1610 1677 1968 1752 Dominos
2039 1676 2397 1753 Villarum
2469 1678 3159 1775 praestimonialium

253 1798 580 1893 Brzezie,
637 1798 883 1874 Borek
939 1807 1011 1873 et
1057 1799 1518 1899 Pyehowice,
1574 1800 1882 1873 maxime
1937 1822 2113 1873 vero
2168 1799 2363 1873 circa
2415 1800 2847 1874 mutationes
2904 1823 3157 1876 eorun-

253 1922 418 1995 dem
470 1920 1162 2018 praestimoniorum,
1219 1922 1500 2019 quoties
1553 1921 1840 1996 illorum
1893 1922 2180 1996 vacatio
2217 1922 2354 1997 sub
2398 1930 2682 2021 tempus
2736 1921 3156 1998 Vindemia-

251 2066 408 2117 rum
463 2043 801 2138 contigit,
867 2045 1250 2119 occasione
1306 2044 1814 2119 seminatorum
1866 2044 2281 2119 hiemalium
2334 2044 2409 2119 in
2464 2044 2679 2119 dictis
2730 2046 3157 2143 praestimo-

249 2165 394 2239 niis
448 2186 636 2240 novo
688 2165 1003 2262 Regenti
1056 2166 1212 2240 sive
1250 2167 1657 2241 successori
1710 2165 2360 2264 relinquendorum,
2414 2167 2745 2242 suscitari
2786 2175 2858 2242 et
2893 2168 3160 2243 exoriri

248 2288 554 2384 possint,
611 2287 1022 2363 Reverendi
1078 2289 1372 2363 Domini
1425 2287 1883 2387 Capitulares
1917 2289 1994 2364 in
2034 2288 2175 2364 hoc
2209 2288 2538 2385 generali
2592 2287 2931 2387 Capitulo
2986 2312 3155 2364 con-

244 2409 534 2505 gregati
587 2410 1044 2485 unanimibus
1097 2412 1250 2486 suis
1304 2411 1681 2486 sententiis
1733 2418 2156 2506 statuerunt,
2214 2409 2689 2486 decreverunt
2737 2418 2810 2485 et
2867 2410 3154 2487 conclu-

249 2540 536 2608 serunt:
594 2540 672 2607 ut
725 2533 1298 2630 quandoquidem
1337 2534 1409 2607 in
1451 2532 1842 2631 praedictis
1895 2534 2128 2609 tribus
2164 2532 2361 2608 villis
2415 2534 3150 2631 praestimonialibus,

247 2653 589 2730 videlicet
637 2655 714 2729 in
767 2654 1094 2751 Brzezie,
1151 2655 1398 2731 Borek
1454 2664 1525 2731 et
1577 2656 2039 2755 Pychowice,
2098 2655 2697 2754 quemadmodum
2744 2657 2818 2730 in
2855 2656 3155 2753 reliquis

247 2779 584 2854 omnibns
636 2778 1172 2876 praestimoniis
1215 2779 1541 2873 habetur,
1599 2779 1759 2875 agri
1812 2801 1956 2854 non
2011 2786 2179 2853 sunt
2227 2779 2303 2853 in
2341 2785 2492 2854 tres
2547 2802 2844 2877 campos
2899 2777 3152 2853 distin-

247 2901 346 2975 cti
367 2958 386 2997 ,
445 2908 688 2977 certus
739 2924 1078 2977 numerus
1151 2909 1552 2977 coretorum
1608 2923 1741 2999 pro
1796 2900 2171 2976 seminatis
2238 2900 2673 2977 hiemalibus
2746 2902 3155 2978 successori

247 3047 380 3099 seu
431 3044 626 3099 novo
678 3024 994 3100 Domino
1066 3024 1379 3120 Regenti
1449 3046 1583 3122 per
1651 3030 2187 3100 antecessorem
2257 3024 2739 3121 relinquatur,
2815 3023 3154 3100 videlicet

243 3147 316 3222 in
371 3146 680 3222 Brzezie
735 3154 1057 3243 centum,
1112 3148 1188 3222 in
1241 3146 1489 3222 Borek
1543 3153 1827 3223 centum
1881 3154 1954 3222 et
2007 3145 2297 3240 decem,
2354 3147 2429 3222 in
2483 3145 2923 3246 Pychowice
2975 3168 3152 3223 vero

244 3270 766 3367 quinquaginta
821 3270 1049 3346 doreti
1101 3271 1456 3366 siliginis,
1528 3269 1851 3368 nihilque
1912 3270 2151 3366 magis
2204 3293 2429 3368 supra
2476 3269 2555 3344 id
2608 3269 2969 3346 Dominus
3022 3293 3149 3344 no-

242 3416 382 3468 vus
434 3391 737 3489 Regens
787 3396 883 3469 ab
935 3399 1398 3469 antecessore
1427 3416 1584 3494 ,suo
1639 3393 1730 3468 ad
1777 3392 1973 3469 aliud
2027 3393 2619 3492 praestimonium
2692 3415 2858 3469 sese
2911 3400 3149 3469 trans-

243 3515 522 3592 ferente
578 3517 874 3611 exigere
928 3515 1240 3612 debebit,
1299 3515 1428 3592 sed
1483 3517 1686 3614 prius
1739 3517 2118 3612 assignato
2173 3523 2574 3591 coretorum
2628 3537 2925 3592 numero
2980 3539 3148 3592 con-

243 3646 485 3716 tentus
539 3661 702 3715 csse
756 3639 1114 3715 tenebitur
1167 3647 1239 3715 et
1292 3641 1427 3714 erit
1477 3638 1870 3715 adstrictus
1922 3639 2368 3738 temporibus
2420 3639 2812 3738 perpetuis.

1455 3950 1933 4053 CXLVIII.

239 4162 704 4264 Apprubatio
761 4162 1061 4244 nccrcti
1109 4181 1246 4266 per
1283 4161 1567 4245 mudum
1626 4161 2141 4264 compromissi
2191 4160 2388 4242 inter
2443 4157 2951 4241 Reverendum
3008 4157 3146 4242 uu-

239 4286 506 4368 minum
546 4284 948 4369 custodem
989 4286 1073 4368 et
1108 4282 1612 4369 sanctuarios
1651 4285 1864 4366 huius
1905 4283 2325 4367 Ecclesiae.
2372 4281 2581 4366 Anno
2622 4282 2889 4366 numini
2930 4280 3143 4364 1583.

1063 4405 1191 4490 nie
1245 4404 1549 4489 Saturni
1608 4407 1629 4487 l
1687 4405 2041 4490 octobris
2092 4403 2337 4488 facta.

450 4616 856 4693 Admodum
922 4617 1380 4714 permolestis
1433 4625 1507 4692 et
1556 4617 2054 4715 frequentibus
2118 4615 2433 4713 querelis
2493 4637 2627 4713 per
2678 4610 3147 4691 Sanctuarios

235 4739 624 4816 Ecclesiae
657 4739 872 4815 huius
909 4737 1368 4816 cathedralis
1403 4740 1770 4816 ministros
1807 4745 2057 4815 contra
2091 4738 2481 4813 Dominum
2532 4735 2911 4813 Albertum
2960 4736 3143 4814 Bro-

235 4862 533 4938 dzinski
594 4862 985 4940 Custodem
1055 4861 1616 4939 Cracoviensem
1690 4862 2072 4938 occasione
2144 4861 2505 4935 variarum
2576 4858 3021 4935 iniuriarium
3076 4868 3148 4936 et

235 4986 831 5085 oppressionum,
888 4985 1148 5083 quibus
1202 5008 1368 5062 sese
1419 4986 1634 5061 nimis
1685 4987 1980 5080 gravari
2033 4984 2415 5080 affirmant,
2471 4983 2715 5060 multis
2766 4983 2913 5058 iam
2965 4983 3143 5058 vici-

235 5109 378 5184 bus
416 5108 492 5184 in
529 5107 884 5206 Capitulis
937 5108 1321 5184 ordinariis
1373 5108 1608 5204 factis,
1663 5108 1880 5183 finem
1935 5108 2304 5206 imponere
2353 5113 2425 5182 et
2462 5105 2553 5181 ab
2590 5103 2999 5181 huiusmodi
3033 5105 3143 5180 in-

238 5231 797 5328 quietationibus
865 5231 1078 5306 liberi
1149 5254 1315 5307 esse
1387 5232 1760 5329 cupientes
1827 5228 2239 5307 Reverendi
2294 5253 2381 5305 ac
2432 5227 2917 5305 Venerabiles
2987 5227 3141 5303 Do·

239 5354 417 5430 mini
459 5355 534 5428 in
570 5355 710 5430 hoc
761 5354 1090 5450 generali
1143 5353 1480 5453 Capitulo
1535 5354 1980 5450 congregati,
2039 5353 2130 5428 de
2177 5359 2443 5442 mutu0,
2498 5351 2730 5427 libero
2766 5358 2980 5447 atque
3017 5372 3124 5425 ex·

2466 5525 2521 5570 ⁴
2749 5469 2827 5536 17
