4055 6364
2152 767 2256 780 -
2362 720 2513 800 200
2622 767 2727 780 -

2190 930 2649 1033 CCXLIV.

1201 1093 1495 1207 Decisic
1551 1121 2171 1225 congregationis
2228 1123 2783 1226 Episcoporum.
2838 1124 3047 1205 Anno
3104 1122 3379 1204 Domini
3436 1122 3651 1206 1698.

2045 1247 2172 1328 Die
2229 1245 2312 1326 14
2368 1244 2822 1328 Novembris.

1182 1456 1350 1531 Non
1404 1464 1645 1555 potest
1699 1455 2109 1555 Capitulum
2164 1457 2236 1530 in
2276 1456 2735 1554 deputatione
2790 1455 3069 1531 Vicarii
3122 1477 3251 1530 seu
3306 1455 3574 1530 Literis
3630 1463 3869 1553 paten-

975 1579 1166 1653 tibus
1221 1577 1494 1674 aliquid
1549 1579 1687 1653 sibi
1743 1601 2139 1672 reservare,
2206 1586 2329 1653 aut
2383 1585 2809 1676 potestatem
2866 1577 3103 1652 Electi
3157 1587 3527 1652 coarctare
3583 1601 3713 1652 seu
3768 1601 3869 1651 re·

975 1700 1366 1797 stringere3
1423 1707 1495 1773 et
1540 1700 1604 1774 si
1650 1698 1740 1773 de
1788 1701 1983 1796 facto
2039 1699 2449 1774 conditione
2494 1709 2617 1774 aut
2650 1699 3181 1775 modificatione
3232 1700 3473 1797 aliqua
3506 1698 3869 1774 Vicarium

973 1823 1353 1917 eligerent,
1435 1829 1684 1920 posset
1745 1822 1884 1898 iste
1949 1823 2521 1898 restrictionibus
2592 1846 2734 1899 non
2802 1823 3276 1917 obstantibuS,
3344 1846 3601 1897 munus
3672 1844 3869 1896 snum

975 1945 1206 2019 libere
1261 1968 1599 2019 exercere
1651 1968 1882 2042 usque
1917 1945 2010 2020 ad
2049 1945 2431 2020 adventum
2486 1947 2656 2020 novi
2692 1945 3063 2045 Episcopi.
3120 1941 3622 2047 (Congreyatt‘o
3658 1944 3867 2041 Epis-

978 2089 1312 2164 σοροῦ-ατη
1367 2047 1447 2139 ἰὴ
1499 2067 1858 2140 Venusina
1913 2065 2116 2164 apud
2164 2064 2515 2140 Monacel.
2574 2093 2646 2140 n.
2691 2065 2843 2170 16.)

2223 2378 2631 2479 CCXLV.

1092 2568 1196 2651 De
1250 2568 1594 2651 triennali
1651 2569 2025 2652 revisione
2081 2567 2422 2650 villarum
2480 2569 3186 2670 praestimoniaiium
3243 2570 3327 2650 et
3383 2569 3764 2652 nemorum

999 2711 1012 2726 ··
2158 2691 2710 2775 canonicalium.

1194 2901 1537 2979 Culturae
1588 2901 1947 2979 Villarum
2020 2903 2707 3002 praestimonialium
2782 2910 2855 2979 et
2907 2906 3301 2979 Domorum
3358 2904 3867 2979 canonicalium

977 3025 1300 3100 fabricae
1338 3026 1880 3101 conservandae
1920 3049 2158 3122 causa,
2218 3027 2639 3101 triennalem
2693 3027 3126 3102 revisionem
3178 3049 3629 3118 renovamus,
3684 3025 3863 3100 ordi·

976 3154 1269 3222 nantes:
1330 3155 1404 3223 ut
1440 3148 1574 3224 sub
1610 3169 1848 3246 poena
1883 3149 2310 3248 privationis
2361 3150 2663 3247 quilibet
2696 3150 3129 3246 Regentium
3166 3157 3310 3223 tam
3347 3150 3625 3223 Domus
3664 3169 3865 3246 quam

976 3268 1218 3344 Villae
1273 3292 1467 3362 suae,
1525 3270 1720 3345 circa
1772 3271 2073 3368 primam
2129 3274 2685 3370 possessionem,
2740 3275 2813 3347 in
2870 3272 3279 3372 praesentia
3331 3270 3613 3347 Notarii
3674 3270 3861 3367 capi·
3999 3334 4002 3365 ,

973 3392 1249 3488 talaris,
1305 3393 1788 3469 aedificiorum
1827 3402 1899 3468 et
1934 3395 2153 3469 totius
2205 3395 2679 3493 supellectilis
2730 3394 3211 3471 Inventarium
3268 3394 3619 3469 conficiat.

2192 3706 2646 3809 CCXLVI.

1365 3913 1617 3995 Poena
1671 3912 2211 3997 discedentium
2270 3936 2411 3998 non
2466 3914 2674 3998 finito
2733 3915 3067 4018 capitulo
3125 3898 3479 4018 uenerati.
3576 3930 3579 3933 ’

1182 4106 1388 4184 Bono
1427 4106 1660 4182 ordini
1711 4108 2091 4183 Ecclesiae
2128 4117 2201 4183 et
2235 4108 2697 4185 Venerabilis
2750 4108 3070 4207 Capituli
3115 4110 3533 4207 prospicere
3581 4110 3858 4207 cupien-

975 4238 1119 4321 tes,
1194 4229 1558 4305 concludit
1610 4229 2051 4307 Venerabile
2108 4229 2517 4330 Capitulum
2570 4234 2645 4306 in
2700 4233 2844 4306 vim
2898 4229 3162 4306 Statuti
3213 4240 3564 4329 perpetuo
3618 4233 3855 4306 obser·
4000 4294 4002 4333 ;

978 4350 1230 4425 vandi:
1306 4358 1380 4424 ut
1415 4351 1674 4427 amodo
1721 4361 1792 4426 et
1827 4353 2177 4452 deinceps
2230 4356 2322 4429 ab
2356 4355 2814 4429 inchoatione
2868 4354 3237 4449 generalis
3291 4352 3610 4451 Capituli
3661 4374 3859 4427 nemo

976 4496 1067 4546 ex
1121 4472 1666 4547 Perillustribus
1745 4476 2081 4550 Dominis
2148 4476 2503 4551 Praelatis
2584 4485 2655 4550 et
2709 4475 3099 4553 Canonicis
3180 4498 3344 4550 sese
3416 4477 3747 4551 absentet
3796 4482 3860 4546 et

976 4597 1356 4671 absentare
1411 4596 1700 4685 audeat,
1760 4621 1988 4693 neque
2044 4606 2246 4672 extra
2298 4598 2549 4672 urbem
2604 4600 2757 4673 sive
2814 4599 2905 4671 ad
2944 4620 3179 4694 pagos
3232 4606 3304 4672 et
3338 4598 3557 4673 villas
3610 4606 3679 4671 e't
3724 4595 3859 4669 alia

975 4718 1137 4793 loca
1191 4717 1518 4792 discedat
1570 4728 1734 4793 ante
1791 4720 2328 4794 conclusionem
2382 4721 2746 4815 generalis
2802 4720 3153 4818 Capituli,
3226 4744 3319 4794 ne
3373 4720 3467 4796 ob
3522 4716 3857 4795 eiusmodi

977 4839 1376 4913 absentiam
1449 4832 1938 4916 Dominorum
1993 4840 2508 4939 Capitularium
2580 4843 2653 4917 in
2710 4842 3164 4918 observando
3236 4844 3426 4917 bono
3493 4842 3743 4916 ordine
3795 4848 3857 4912 et

977 4961 1323 5056 regimine
1360 4968 1504 5035 tam
1542 4962 1921 5037 Ecclesiae
1961 4964 2421 5063 cathedralis,
2482 4987 2689 5061 quam
2748 4965 3047 5039 aliarum
3084 4965 3601 5039 immunitatum
3640 4963 3856 5037 eccle·
4000 4954 4002 4971 ²

981 5084 1452 5178 siasticarum,
1521 5085 1670 5161 suis
1727 5086 2151 5161 destituatur
2206 5087 2560 5177 consiliiS,
2645 5087 2780 5161 sub
2832 5087 3282 5162 inhabilitate
3346 5087 3665 5184 optionis
3720 5095 3853 5158 tam

979 5205 1224 5281 Villae
1279 5231 1492 5304 quam
1546 5209 1824 5283 Domus
1877 5209 2205 5283 vacantis
2258 5234 2302 5283 a
2346 5209 2673 5305 generali
2724 5207 3060 5307 Capitulo
3116 5209 3209 5283 ad
3262 5233 3575 5307 sequens
3624 5210 3854 5284 imme·
4000 5294 4002 5305 Ι

977 5327 1243 5403 diatum
1296 5330 1638 5427 generale
1693 5328 2127 5427 Capitulum.
2182 5331 2471 5407 Nemini
2524 5356 2697 5408 vero
2750 5333 2825 5406 in
2878 5341 3241 5430 posterum
3299 5331 3583 5407 debeat·
3614 5332 3852 5407 suffra-
