4055 6364
909 926 1260 1029 quaedam
1333 926 1688 1005 dubitatio
1739 929 1926 1005 inter
1983 928 2370 1007 nonnullos
2422 930 2779 1005 Dominos
2849 952 3205 1028 persaepe
3276 931 3449 1005 oriri
3506 932 3825 1023 solebat,

909 1074 997 1127 ae
1049 1049 1368 1126 fidelitas
1419 1050 1634 1125 etiam
1689 1058 1834 1126 tam
1889 1050 2589 1149 Viceprocnratoris,
2646 1074 2858 1149 quam
2910 1050 3222 1127 Pistoris
3274 1050 3691 1150 plerumque
3738 1054 3827 1127 in

907 1173 1204 1251 dubium
1259 1173 1589 1247 revocari
1641 1195 1734 1247 ex
1789 1195 1876 1248 eo
1929 1173 2422 1272 potissimum,
2480 1174 2650 1271 quia
2700 1198 2745 1249 a
2791 1180 3043 1249 neutro
3094 1174 3416 1272 ipsorum
3466 1176 3583 1249 vel
3624 1174 3831 1251 levis

909 1295 1301 1393 quaedam,
1384 1296 2014 1393 perfunctoriaque
2086 1296 2206 1371 vel
2258 1296 2459 1371 nulla
2520 1298 2809 1372 omnino
2860 1298 3045 1371 ratio
3100 1304 3173 1371 et
3224 1298 3633 1395 supputatio
3684 1320 3836 1396 per

906 1415 1382 1495 Reverendos
1433 1417 1792 1492 Dominos
1845 1418 2311 1515 exigebatur3
2376 1419 2546 1494 hinc
2598 1426 2749 1513 est,
2808 1417 3001 1515 quod
3054 1417 3463 1493 Reverendi
3522 1418 3831 1495 Domini

909 1562 1130 1637 supra
1196 1539 1544 1638 descripti
1597 1538 2081 1638 Capitulares,
2138 1564 2357 1639 super
2408 1540 2833 1639 praemissis
2886 1548 3161 1615 mature
3217 1540 3631 1634 deliberati,
3686 1564 3829 1616 vo-

906 1664 1141 1741 lentes
1197 1660 1472 1737 odiosis
1527 1661 1876 1737 eiusmodi
1934 1663 2501 1760 suspicionibus,
2568 1685 2755 1760 quae
2808 1663 3023 1737 etiam
3076 1662 3152 1736 in
3203 1662 3407 1760 ipsos
3462 1663 3829 1739 Dominos

910 1784 1429 1865 Procuratores
1483 1784 1888 1861 redundare
1943 1785 2392 1879 videbantur,
2468 1786 2658 1860 viam
2712 1782 3183 1883 praecludere
3202 1842 3219 1873 ,
3294 1785 3611 1859 unanimi
3662 1786 3829 1860 De·-

909 1915 1110 1982 creto
1181 1928 1315 1983 suo
1386 1907 1794 2005 praesentis
1865 1907 2235 2003 generalis
2306 1906 2621 2006 Capituli
2696 1907 2951 2003 vigore
3023 1914 3458 2001 statuerunt,
3532 1930 3831 1981 exnunc

909 2029 1254 2135 deinceps
1289 2038 1657 2128 perpetuo
1711 2030 2226 2105 inviolabiliter
2280 2030 2843 2105 observandum:
2900 2038 2979 2103 ut
3013 2029 3323 2124 singulis
3376 2029 3634 2105 diebus
3666 2028 3827 2105 Ve-

908 2153 1105 2228 neris
1139 2152 1212 2233 in
1250 2152 1664 2249 praesentia
1717 2152 1939 2227 totius
1993 2151 2436 2249 Capitularis
2490 2174 2905 2241 consessus,
2962 2151 3287 2227 calculus
3324 2159 3397 2226 et
3432 2151 3617 2227 ratio
3668 2158 3827 2227 tam

907 2274 1000 2349 de
1053 2273 1491 2371 quotidianis
1544 2272 2194 2367 distributionibus,
2254 2282 2426 2370 quot
2480 2274 2759 2348 scilicet
2813 2274 3109 2347 Marcae
3164 2282 3237 2348 et
3279 2274 3468 2349 inter
3520 2282 3693 2371 quot
3748 2282 3829 2348 et

909 2420 1092 2494 quos
1129 2397 1484 2475 Dominos
1530 2404 1952 2493 praesentes
2003 2397 2407 2490 continuos,
2462 2397 2580 2471 vel
2618 2397 2829 2472 etiam
2870 2396 3388 2490 discontinuos,
3440 2396 3587 2471 sint
3638 2420 3825 2494 quo-

908 2518 1302 2601 modolibet
1354 2517 1673 2613 divisae,
1749 2541 1962 2616 quam
2017 2520 2231 2595 etiam
2288 2516 2378 2593 de
2432 2519 2765 2593 frumenti
2822 2519 3404 2617 dispensatione,
3464 2518 3655 2616 quod
3706 2521 3827 2595 vi-

911 2639 1176 2716 delicet
1226 2663 1454 2743 panes
1509 2664 1602 2715 ex
1655 2640 1965 2739 pistrino
2033 2641 2415 2739 capitulari
2476 2641 2663 2715 inter
2717 2639 3009 2715 eosdem
3080 2648 3506 2738 praesentes
3564 2642 3821 2717 Domi-

909 2786 1076 2858 nos,
1133 2760 1587 2843 Gratialistis
1641 2785 1926 2861 quoque
1979 2764 2323 2857 inclusis,
2381 2762 2640 2838 diebus
2694 2762 3046 2859 singulis,
3104 2786 3231 2839 seu
3286 2764 3475 2838 alias
3526 2764 3829 2858 integra

909 2883 1311 2983 septimana
1362 2883 1726 2961 distributi
1778 2886 1960 2981 sint,
2036 2910 2167 2983 per
2222 2883 2693 2961 Reverendos
2742 2885 3102 2959 Dominos
3172 2885 3503 2982 singulos
3556 2909 3647 2961 ex
3700 2908 3825 2960 or-

911 3007 1078 3082 dine
1130 3030 1290 3089 cum
1343 3006 2045 3084 Vice·Procuratore
2098 3008 2449 3084 habeatur
2500 3015 2715 3105 atque
2768 3014 3251 3082 recenseatur.
3336 3006 3475 3082 Cui
3528 3006 3827 3104 quidem

879 3129 1192 3236 ,calculo
1249 3136 1322 3208 et
1371 3131 1635 3207 rationi
1699 3152 1950 3208 omnes
2019 3131 2316 3207 Domini
2386 3137 2809 3230 praesentes
2878 3130 3014 3207 sub
3088 3152 3321 3229 poena
3390 3130 3829 3230 privationis

909 3255 1362 3351 praesentiae
1400 3262 1705 3352 quatuor
1736 3277 2182 3350 grossorum,
2238 3255 2614 3349 interesse,
2669 3254 3011 3351 illamque
3058 3253 3468 3330 auscultare
3521 3261 3824 3329 tenean-

909 3385 1027 3452 tur
1078 3384 1150 3452 et
1203 3378 1348 3458 sint
1397 3377 1748 3452 adstricti.
1807 3376 2035 3452 Porro
2088 3401 2179 3452 ne
2232 3379 2301 3452 is
2352 3377 2847 3468 Dominorum,
2906 3376 3029 3472 qui
3064 3375 3347 3451 calculo
3401 3376 3822 3474 praefuerit,

908 3500 1179 3581 frustra
1212 3499 1570 3575 desudare
1605 3498 1978 3574 videatur:
2039 3500 2229 3574 ultra
2265 3499 2749 3597 praesentiam
2804 3506 3219 3574 consuetam
3274 3498 3593 3596 praemio
3642 3521 3822 3595 qua-

913 3629 1073 3696 tuor
1122 3643 1546 3720 grossorum
1600 3620 2059 3696 afficiendum
2114 3629 2185 3694 et
2238 3619 2825 3714 contentandum,
2883 3620 3290 3695 Reverendi
3343 3620 3636 3695 Domini
3690 3643 3823 3694 vo-

909 3742 1198 3822 luerunt
1249 3750 1322 3817 et
1373 3745 1900 3839 concluserunt,
1959 3745 2280 3819 Decreto
2333 3744 2703 3842 praesenti
2756 3742 3137 3818 mediante.

2264 4057 2483 4156 CIV.

915 4263 1012 4349 ut
1077 4263 1453 4350 absentes
1528 4261 1871 4346 canonici
1944 4282 2132 4347 suos
2204 4263 2762 4346 Procuratores
2836 4263 3191 4345 habeant.
3264 4262 3472 4345 Anno
3546 4260 3823 4345 Domini

915 4385 1293 4474 Milteaimo
1367 4384 1973 4486 nuinuenteaimo
2050 4384 2670 4488 auinquauesimo
2742 4387 3040 4469 octavo.
3118 4386 3244 4468 nie
3318 4386 3371 4467 5
3440 4383 3827 4469 octobris.

1123 4595 1474 4686 Quamvis
1545 4591 1849 4670 Statutis
1923 4594 2463 4694 Capitularibus
2526 4595 2705 4670 satis
2760 4595 2955 4670 clare
3011 4602 3293 4670 cautum
3365 4603 3579 4692 atque
3649 4619 3824 4694 pro-

917 4719 1148 4798 visum
1203 4725 1336 4814 est,
1393 4726 1472 4793 ut
1523 4717 1824 4815 quilibet
1877 4718 2349 4793 Dominorum
2417 4718 2911 4792 Praelatorum
2968 4725 3040 4792 et
3092 4716 3619 4794 Canonicorum
3672 4715 3825 4793 Ec-

915 4842 1185 4918 clesiae
1237 4840 1452 4916 huius
1505 4839 2039 4934 Cracoviensis,
2094 4847 2420 4916 teneatur
2463 4840 2538 4914 in
2574 4839 2903 4914 absentia
2956 4864 3089 4915 sua
3142 4840 3410 4916 habere
3462 4840 3825 4916 Procura-

916 4974 1142 5040 torem
1198 4987 1405 5038 suum
1455 4963 1850 5059 legitimum
1875 5019 1894 5058 ,
1967 4962 2087 5038 hic
2141 4963 2336 5038 circa
2386 4961 2793 5038 Ecclesiam
2864 4970 3317 5061 praesentem
3372 4970 3445 5037 et
3494 4963 3823 5038 residen-

917 5094 1082 5179 tem,
1141 5086 1264 5182 qui
1317 5086 1554 5160 omnia
1609 5091 1681 5160 et
1732 5085 2020 5180 singula
2074 5085 2315 5159 munia
2366 5084 2747 5160 Ecclesiae
2801 5083 3160 5182 explenda
3204 5107 3293 5158 ac
3330 5107 3551 5160 onera
3602 5085 3827 5161 etiam

917 5217 1062 5282 tam
1118 5231 1211 5282 ex
1262 5208 1504 5282 Domo
1555 5205 1982 5282 Canonicali
2004 5265 2021 5300 ,
2079 5228 2291 5304 quam
2346 5231 2439 5283 ex
2489 5206 2691 5283 Villa
2741 5206 3325 5282 Praestimoniali
3376 5204 3827 5282 exsolvenda

919 5335 1226 5423 curaret,
1280 5330 1465 5404 alias
1515 5329 1609 5404 ad
1663 5351 1876 5426 quem
1917 5331 1990 5404 in
2034 5327 2520 5425 emergentiis,
2578 5329 2913 5426 quotiens
2966 5351 3143 5404 usus
3193 5329 3531 5427 postulat,
3587 5329 3829 5426 possit
