4055 6364
2032 736 2601 811 -214—

863 946 1284 1044 probatione
1317 945 1799 1022 Illustrissimi
1836 955 1909 1022 et
1944 947 2561 1022 Reverendissimi
2604 947 2893 1021 Domini
2930 946 3113 1021 Loci
3168 946 3571 1042 ordinarii,
3612 951 3785 1022 Do-

861 1067 1036 1142 mini
1107 1064 1234 1142 Sui
1290 1064 1883 1162 Clementissimi,
1951 1070 2109 1144 sive
2176 1069 2411 1167 ipsius
2473 1069 2733 1144 Iudicii
2787 1067 3156 1143 Ordinarii
3210 1070 3785 1164 consistoriaIiS,

861 1190 1176 1264 unanimi
1229 1197 1553 1264 votorum
1609 1214 1967 1266 consensu
2020 1191 2343 1266 decrevit
2398 1200 2469 1266 et
2521 1190 2911 1284 ordinavit,
2990 1191 3287 1266 Decreti
3354 1193 3785 1288 praesentis

860 1313 1112 1408 vigore
1167 1311 1260 1386 ad
1315 1315 1716 1410 praemissa
1769 1313 2150 1392 mediante.

1071 1431 1187 1534 (L.
1219 1432 1294 1508 S.
1351 1435 1645 1510 minoris
1677 1435 2047 1538 Capituli).
2115 1438 2427 1512 Ioannes
2456 1434 2861 1511 Suslowicz
2893 1433 3305 1509 Canzznicus
3334 1433 3583 1510 Sancti
3611 1433 3781 1509 Ge-

2108 1559 2315 1654 orgii,
2377 1556 2883 1634 Vicedecanns
2954 1556 3413 1632 Cathedralis
3491 1555 3781 1632 Craco·

2109 1679 2383 1754 viensis
2434 1681 2721 1755 nomine
2776 1677 3094 1777 Capituli
3146 1703 3291 1776 mp.

2115 2007 2525 2108 CCLXV.

866 2215 972 2296 De
1028 2215 1520 2299 observantia
1591 2216 1873 2297 exacta
1944 2215 2381 2300 adveniendi
2457 2218 2554 2300 ad
2613 2217 2914 2319 vigilias
2986 2236 3127 2300 seu
3199 2216 3771 2314 Anniversaria,

1111 2339 1192 2419 et
1247 2338 1314 2417 in
1374 2337 1538 2421 suis
1597 2337 2073 2437 comparendi
2131 2339 2404 2438 stallis,
2462 2341 2989 2422 determinatio
3045 2338 3270 2421 facta
3322 2339 3522 2422 lovis

1228 2458 1344 2540 die
1402 2459 1544 2540 5ta
1600 2458 1953 2542 octobris
2008 2458 2215 2542 Anno
2273 2460 2484 2559 1724,
2545 2463 2611 2543 in
2669 2461 3000 2563 uenerati
3060 2460 3419 2562 capitulo.

1071 2687 1626 2764 Observantiam
1685 2695 2010 2762 exactam
2066 2687 2499 2763 adveniendi
2552 2690 2645 2763 ad
2700 2688 3015 2784 Vigilias
3072 2713 3201 2764 seu
3248 2688 3773 2762 Annivm-saria

861 2818 935 2883 et
985 2810 1058 2883 in
1115 2810 1350 2884 stallis
1405 2811 1557 2883 suis
1609 2808 2109 2906 comparendi,
2168 2809 2643 2884 determinare
2716 2813 3090 2908 cupientes
3168 2810 3640 2882 Perillustrcs
3694 2819 3771 2882 et

864 2932 1478 3006 Reverendissimi
1547 2933 1842 3005 Domini
1913 2930 2232 3006 Praelati
2302 2941 2373 3006 ct
2427 2932 2777 3006 Canonici
2848 2933 3228 3006 Ecclesiae
3302 2929 3771 3004 Cathedralis

863 3052 1392 3143 Cracoviensis,
1448 3051 1848 3126 insistendo
1887 3051 2168 3126 Statuto
2205 3055 2582 3150 capitulari
2619 3057 2753 3129 sub
2802 3055 3045 3128 titulo:
3092 3055 3215 3126 De
3272 3053 3771 3150 praesentia

862 3175 948 3249 in
1022 3174 1711 3268 Anniversariis,
1787 3174 1875 3249 A.
1954 3173 2152 3249 1554
2224 3175 2477 3250 Lunae
2552 3175 2596 3251 3
2674 3175 3017 3251 Octobris
3084 3175 3273 3267 lato,
3344 3175 3421 3249 in
3488 3173 3769 3248 Codice

864 3294 1300 3372 Statutorum
1373 3305 1745 3391 contento,
1819 3297 2329 3371 concluserunt
2402 3323 2619 3373 sensu
2694 3298 3032 3372 concordi
3087 3298 3161 3369 in
3215 3296 3583 3394 praesenti
3634 3319 3765 3389 ge-

862 3420 1090 3494 nerali
1171 3417 1507 3517 Capitulo
1579 3417 1928 3492 hodierna
1993 3418 2111 3491 dic
2165 3422 2629 3513 congregati:
2708 3420 2919 3510 Quod
2978 3420 3381 3514 quicunque
3438 3442 3527 3491 ex
3584 3416 3765 3490 Per-

859 3542 1260 3616 illustribus
1315 3550 1386 3616 et
1436 3540 2096 3615 Reverendissimis
2155 3543 2503 3633 DominiS,
2562 3542 2774 3615 etiam
2832 3564 2924 3615 ex
2961 3540 3415 3613 cantantibus
3458 3539 3763 3613 Missam

858 3664 1114 3760 ipsam,
1173 3664 1264 3737 ad
1303 3663 1620 3756 Vigilias
1675 3688 1803 3738 seu
1857 3662 2449 3738 Anniversarium
2506 3674 2827 3761 tempore
2872 3664 3237 3737 intonatae
3274 3660 3755 3757 Antiphonae:

860 3788 951 3859 In
1005 3786 1199 3860 loco
1253 3809 1652 3882 pascuae,
1709 3786 2064 3859 Nocturni
2119 3786 2419 3860 secundi
2472 3787 2546 3860 in
2610 3786 2824 3859 stallo
2884 3806 3231 3881 praesens
3286 3806 3427 3857 non
3484 3782 3765 3856 steterit

863 3904 1033 4007 (nisi
1071 3908 1192 4003 qui
1231 3906 1532 3982 Missam
1573 3908 1922 4004 privatam
1969 3908 2043 3979 in
2102 3906 2351 3979 eadem
2408 3931 2541 3981 sua
2595 3906 3013 3981 Cathedrali
3062 3906 3401 3979 Ecclesia
3438 3904 3755 3978 celebra-

859 4029 1064 4119 verit,
1105 4052 1247 4125 qua
1300 4038 1536 4103 tamen
1590 4029 1813 4122 finita,
1871 4050 2039 4102 mox
2078 4026 2170 4100 ad
2207 4028 2495 4102 stallum
2532 4029 2779 4101 venire
2816 4026 3166 4129 teneatur)
3204 4028 3275 4100 in
3318 4026 3551 4101 Missa
3586 4048 3757 4100 vero

857 4150 1128 4224 Votiva
1165 4150 1568 4245 quicunque
1625 4149 1827 4223 initio
1862 4149 2209 4223 Introitus
2264 4148 2580 4242 Missae,
2638 4150 2755 4222 vel
2812 4150 3049 4247 Kyrie
3104 4150 3420 4243 eleison,
3478 4170 3557 4221 se
3614 4169 3755 4220 non

862 4271 1431 4369 praesentaverit
1501 4281 1572 4346 et
1642 4294 1868 4367 usquc
1933 4270 2026 4343 ad
2094 4271 2627 4345 conclusionem
2702 4270 3201 4345 Anniversarii
3272 4292 3354 4343 sc
3430 4292 3571 4341 non
3642 4292 3755 4342 re·

860 4392 1294 4482 servaverit,
1370 4394 1698 4489 portione
1764 4392 2302 4484 Anniversarii,
2380 4393 2536 4466 sive
2608 4392 2957 4487 Votivae,
3034 4394 3190 4467 sive
3262 4392 3353 4465 de
3406 4391 3759 4487 Requiem

861 4512 1159 4607 Missae,
1233 4515 1389 4587 sive
1442 4514 1776 4603 alterius,
1850 4515 2170 4608 gaudere
2248 4537 2386 4588 non
2444 4513 2776 4606 debebit,
2836 4514 3159 4609 exceptis
3213 4513 3394 4587 solis
3448 4512 3760 4607 negotiis

861 4634 1407 4732 capitularibus,
1483 4658 1830 4733 expresso
1900 4660 2121 4709 sensu
2188 4636 2805 4709 Reverendissimi
2881 4633 3198 4731 Capituli
3268 4632 3635 4731 impeditis
3690 4642 3762 4707 et

860 4779 1030 4829 vere
1086 4756 1422 4852 infirmis3
1478 4757 1665 4831 tales
1719 4758 1904 4832 enim
1962 4758 2416 4856 portionibus
2472 4758 2898 4853 aequalibus
2952 4782 3039 4830 ac
3076 4762 3522 4853 praesentes,
3579 4779 3758 4849 gau-

861 4878 1149 4973 debunt,
1208 4901 1475 4975 easque
1529 4879 2084 4977 participabunt.
