4055 6364
2126 751 2640 830 ...63-

918 968 1321 1067 turzynski,
1383 962 1430 1039 3·
1433 987 1668 1039 0811118
1705 961 2119 1061 Salomone,
2174 964 2229 1041 J
2232 988 2466 1041 0811118
2504 962 2919 1055 Oswiacim‚
2976 961 3028 1037 J
3033 985 3265 1038 oanne
3300 961 3825 1057 Karnkowski,

916 1090 968 1167 J
974 1093 1206 1167 acobo
1262 1088 1808 1180 Staszkowski,
1883 1086 2171 1163 Thoma
2224 1086 2709 1180 Roznowski,
2766 1085 3056 1162 Joanne
3108 1084 3647 1179 Jakubowski,
3700 1083 3827 1160 Ja-

919 1210 1104 1290 cobo
1156 1211 1778 1311 Rzyeschowski,
1853 1206 2219 1286 Stanislao
2272 1208 2545 1305 Tadu,
2608 1208 2862 1283 Felice
2916 1205 3425 1307 Sapichowski
3446 1262 3465 1301 ,
3518 1206 3828 1282 Nicolao

919 1335 1342 1434 Zamoyski,
1395 1334 1450 1411 J
1451 1334 1696 1410 uliano
1751 1332 2156 1426 Chelmski,
2213 1332 2580 1407 Abraamo
2634 1330 3056 1426 Czekucki,
3113 1328 3481 1405 Stanislao
3536 1329 3828 1405 0188111-

922 1458 1045 1533 cki
1106 1464 1179 1532 81
1229 1456 1675 1532 Doctoribus
1749 1452 2114 1529 Stanislao
2186 1454 2376 1553 Byel
2446 1451 2719 1529 Sacrae
2790 1452 3247 1548 Theologiae
3268 1509 3286 1546 ,
3358 1452 3673 1527 Nicolao
3744 1450 3832 1527 de

923 1579 1453 1679 Coprzywnica
1489 1587 1560 1653 81
1596 1574 1942 1676 Grasparo
1979 1576 2428 1669 Podlewski,
2484 1599 2741 1674 meque
2793 1574 3059 1651 Alexio
3097 1575 3188 1651 dc
3226 1574 3585 1651 Cracovia
3622 1598 3829 1673 prae-

917 1702 1150 1779 sentis
1203 1700 1434 1779 Actus
1488 1708 1561 1775 et
1611 1699 2082 1777 Venerabilis
2136 1696 2457 1799 Capituli
2511 1696 3024 1774 cracoviensis
3076 1697 3403 1773 Notario.

2129 2010 2637 2113 LXXXIII.

1141 2224 1246 2306 De
1299 2222 1704 2306 vacatione
1761 2222 1915 2304 tam
1971 2220 2201 2303 vinae
2257 2238 2473 2322 quam
2530 2220 2802 2311 Domus
2855 2221 3037 2322 post
3086 2219 3618 2321 promotionem

1711 2344 1809 2427 ad
1867 2344 2397 2446 episcopatum
2454 2342 2660 2425 Petri
2713 2341 3058 2425 Tomioki.

1139 2558 1338 2634 Inter
1389 2548 1574 2631 alias
1643 2555 2056 2631 laudabiles
2124 2552 2687 2629 consuetudines
2760 2552 3143 2629 Ecclesiae
3210 2560 3502 2629 nostrae
3574 2552 3839 2631 Cathe-

937 2683 1165 2758 dralis
1219 2679 1754 2772 Cracoviensis,
1811 2678 2133 2753 moribus
2186 2676 2530 2751 utentium
2583 2676 3047 2774 approbatas,
3103 2678 3233 2751 illa
3268 2676 3479 2751 etiam
3518 2702 3563 2751 a
3598 2684 3840 2753 vetus·

934 2805 1238 2880 tissimis
1290 2802 1736 2899 temporibus
1789 2807 2024 2895 tenta,
2098 2799 2348 2875 habita
2402 2806 2475 2874 81
2524 2798 3044 2874 inviolabiliter
3094 2800 3483 2875 observata
3534 2801 3712 2895 fuit,
3766 2808 3845 2877 ut

933 2928 1191 3002 domus
1243 2933 1316 3001 81
1365 2922 1881 3022 praestimonia
1933 2921 2398 2997 Venerabilis
2453 2920 2773 3020 Capituli
2827 2921 3055 2996 nostri
3110 2919 3659 3019 Cracoviensis,
3716 2946 3843 2997 ne-

933 3050 1110 3125 mini
1173 3057 1376 3123 extra
1427 3047 1780 3142 gremium
1851 3045 2349 3120 Praelatorum
2404 3052 2477 3119 et
2528 3043 3058 3120 Canonicorum
3130 3044 3451 3120 eiusdem
3524 3044 3846 3144 Capituli

936 3172 1434 3267 conferentur3
1492 3193 1676 3265 quae
1731 3168 2214 3264 consuetudo,
2288 3191 2449 3242 cum
2503 3190 2637 3266 per
2688 3166 3073 3242 nonnullos
3138 3166 3442 3266 cupidos
3492 3175 3567 3243 et
3616 3168 3844 3243 ambi-

937 3295 1212 3388 tiosos,
1271 3293 1371 3368 uti
1423 3291 1582 3366 fieri
1637 3291 1861 3386 solet,
1935 3291 2189 3390 paucis
2244 3299 2410 3365 ante
2464 3289 2907 3389 temporibus
2961 3290 3231 3365 violata
3284 3299 3355 3365 et
3407 3291 3851 3388 pessundata

937 3419 1192 3510 fuerat,
1249 3413 1928 3490 Reverendissimus
1964 3413 2135 3487 olim
2171 3414 2244 3488 in
2285 3411 2576 3488 Christo
2631 3412 2852 3486 Pater
2896 3412 3255 3487 Dominus
3305 3412 3357 3488 J
3360 3435 3635 3488 oannes
3688 3413 3849 3487 Ko-

938 3539 1192 3614 narski
1239 3538 1383 3612 Dei
1418 3536 1655 3630 gratia
1691 3535 2106 3635 Episcopus
2161 3535 2695 3632 CracoviensiS,
2751 3535 3292 3611 Praedecessor
3325 3543 3593 3631 noster,
3652 3559 3852 3611 more

937 3661 1112 3736 boni
1188 3659 1521 3735 Pastoris
1593 3659 2179 3734 consuetudinem
2253 3658 2695 3757 praedictam
2756 3670 3217 3732 manutenere
3292 3666 3365 3733 et
3434 3658 3854 3734 ambitioso-

941 3807 1097 3859 rum
1156 3790 1230 3857 et
1283 3782 1704 3879 cupidorum
1776 3780 2142 3856 hominum
2208 3789 2509 3857 conatus
2580 3782 2947 3856 refrenare
3002 3783 3341 3880 cupiens,
3402 3779 3494 3854 de
3546 3781 3856 3856 consilio

943 3914 1014 3982 et
1066 3927 1426 3980 consensu
1478 3902 2020 3979 Venerabilium
2094 3903 2563 3978 Dominorum
2636 3902 3131 3979 Praelatorum
3198 3911 3271 3978 81
3322 3903 3855 3979 Canonicorum

943 4027 1340 4103 Ecclesiae·
1369 4026 1786 4124 praedictae
1822 4025 2285 4101 Cathedralis
2321 4025 2855 4116 Cracoviensis,
2914 4026 3437 4102 rationabiliter
3474 4034 3853 4120 statuerat,

945 4159 1022 4226 ut
1074 4151 1330 4224 domus
1385 4148 1846 4223 canonicales
1870 4205 1889 4238 ,
1956 4171 2255 4244 quarum
2311 4147 2691 4244 dispositio
2746 4146 2837 4220 ad
2895 4146 3307 4245 Capitulum
3362 4147 3857 4224 Craeoviense

947 4273 1321 4370 pertineat,
1381 4270 1725 4368 deinceps
1779 4270 1958 4344 nulli
2012 4276 2375 4364 extraneo,
2432 4269 2573 4344 hoc
2625 4277 2738 4344 est
2789 4268 3285 4346 Praelaturam
3332 4272 3453 4346 vel
3487 4270 3859 4347 Praeben-

949 4396 1111 4470 dam
1160 4397 1234 4470 in
1305 4402 1552 4469 nostra
1606 4393 1946 4469 Ecclesia
2001 4391 2423 4468 Cathedrali
2487 4390 2957 4467 Cracoviensi
3023 4415 3165 4466 non
3220 4393 3605 4488 obtinenti,
3682 4417 3863 4490 qua-

949 4539 1229 4615 cunque
1301 4515 1652 4611 dignitate
1715 4514 2063 4610 fulgenti,
2138 4538 2273 4590 nec
2326 4515 2539 4588 etiam
2595 4513 2903 4611 cuipiam
2976 4515 3187 4589 alteri
3238 4515 3332 4589 ad
3388 4515 3605 4590 vitam
3630 4573 3648 4610 ,
3724 4517 3866 4591 hac

949 4639 1391 4732 conditione,
1447 4647 1526 4713 ut
1577 4639 1918 4714 videlicet
1987 4663 2121 4737 per
2172 4640 2691 4737 promotionem
2763 4637 2881 4712 vel
2934 4638 3497 4735 assumptionem
3569 4638 3665 4712 ad
3722 4640 3860 4714 ali·

952 4785 1161 4859 quem
1217 4761 1737 4858 Episcopatum
1789 4762 1919 4836 illa
1971 4761 2245 4858 privari
2296 4785 2439 4836 non
2496 4761 2757 4836 debeat
2810 4762 2930 4835 vel
2982 4784 3121 4835 non
3176 4761 3449 4858 possit,
3524 4759 3683 4835 dari
3738 4770 3866 4836 aut

951 4885 1254 4960 concedi
1307 4884 1654 4962 deberent
1705 4884 1826 4958 vel
1878 4884 2199 4982 possint,
2274 4885 2407 4958 sub
2462 4907 2697 4982 poena
2768 4884 3527 4958 excommunicationis
3548 4941 3566 4978 ,
3642 4906 3861 4980 quam

953 5007 1283 5102 singulae
1337 5030 1691 5104 personae
1746 5005 1920 5081 (11011
1975 5005 2311 5105 Capituli,
2370 5014 2621 5081 contra
2674 5007 2973 5081 eandem
3032 5005 3630 5081 Constitutionem
3686 5029 3861 5081 eon-

956 5130 1370 5222 sentientes,
1427 5153 1510 5204 se
1562 5137 1945 5206 noscerent
1995 5129 2361 5205 incurrere
2414 5130 2579 5227 ipso
2631 5131 2849 5205 facto.
2908 5129 3122 5220 Quod
3177 5126 3533 5204 Statutum
3578 5136 3653 5203 81
3688 5151 3865 5204 0011-

958 5250 1406 5329 suetudinem
1478 5253 1635 5327 Nos
1688 5251 1948 5327 Petrus
2003 5251 2416 5350 Episcopus
2470 5260 2543 5326 et
2593 5251 2777 5327 Vice
2851 5249 3351 5328 Cancellarius
3414 5252 3512 5326 ad
3563 5251 3868 5327 eviden-

957 5383 1100 5449 tem
1155 5374 1530 5450 Ecclesiae
1584 5383 1876 5451 nostrae
1941 5375 2320 5450 utilitatem
2372 5376 2764 5472 roborare,
2835 5376 3159 5451 stabilire
3212 5383 3285 5450 81
3338 5374 3689 5472 ampliare
3744 5396 3870 5449 cu-
