4055 6364
15 609 17 618 -
15 549 18 590 —.
13 161 25 512 ———-—V-·-—

83 464 96 489 Q

1331 796 1896 872 -137-

1510 1073 1716 1173 CLI.

189 1279 602 1363 neclan-atio
656 1278 748 1361 de
807 1280 1251 1382 praesentia
1303 1278 1399 1361 ad
1455 1278 1734 1362 ludieia
1787 1280 2268 1362 Tribunatum
2332 1279 2733 1384 neputans
2800 1299 3068 1363 conee-

790 1401 1055 1484 denda.
1111 1401 1321 1485 Anno
1384 1401 1599 1484 1586.
1658 1402 1786 1485 nie
1842 1402 2087 1484 Lunae
2143 1402 2219 1484 19
2276 1402 2467 1484 maii.

369 1612 486 1686 De
539 1611 956 1710 praesentia
1005 1610 1390 1687 Ecclesiae
1447 1611 2133 1706 Tribunalistarum,
2206 1612 2346 1688 hoc
2420 1620 2534 1687 est
2586 1613 2676 1688 de
2731 1611 3068 1688 distribu-

183 1733 480 1809 tionibus
551 1733 762 1809 huius
832 1732 1214 1809 Ecclesiae
1265 1734 1358 1809 iis
1411 1735 1748 1810 Dominis
1819 1734 1976 1809 dari
2050 1733 2324 1829 solitis,
2404 1735 2523 1831 qui
2592 1759 2684 1809 ex
2737 1733 3070 1831 Collegio

184 1855 544 1953 capitulari
597 1855 685 1930 ad
744 1855 795 1930 J
797 1855 1037 1931 udicia
1092 1856 1574 1931 Tribunalitia
1644 1855 1883 1950 Regni
1940 1855 2271 1953 deputari
2335 1856 2607 1951 solent,
2680 1863 2944 1931 motam
2997 1855 3070 1929 in

181 1976 308 2051 hoc
355 1977 683 2072 generali
736 1975 1072 2075 Capitulo
1127 1980 1621 2075 quaestionem
1677 1976 1948 2076 duplici
2003 2001 2095 2052 ex
2148 2000 2369 2053 causa
2432 1980 2717 2053 nomine
2772 1977 3072 2053 duorum
3208 2030 3217 2037 -

181 2100 638 2176 Dominorum
712 2097 1169 2175 Confi-atrum
1243 2099 1561 2196 Collegii
1631 2100 1843 2175 huius
1921 2101 2411 2198 propositam,
2483 2102 2713 2197 primo
2788 2100 3073 2197 quidem

177 2220 451 2297 nomine
503 2221 916 2297 Reverendi
967 2221 1262 2296 Domini
1316 2220 1600 2297 Alberti
1653 2221 2096 2297 Brodzinski
2133 2221 2477 2298 Custodis
2531 2222 3070 2316 Cracoviensis,

184 2343 298 2439 qui
331 2350 708 2440 praetextu
741 2344 1192 2418 limitationis
1228 2352 1300 2418 et
1335 2344 1833 2441 suspensionis
1871 2344 1922 2419 J
1925 2344 2319 2420 udiciorum
2367 2344 2813 2437 Tribunalis,
2862 2368 3075 2441 quam

181 2466 318 2563 ipsi
387 2464 930 2541 Tribunalistae
1001 2466 1094 2539 ob
1169 2473 1430 2540 metum
1506 2474 1577 2540 et
1647 2466 2133 2564 suspicionem
2218 2468 2448 2566 pestis
2520 2469 3076 2563 circumquaque

181 2586 632 2663 Piotreoviae
677 2596 748 2663 et
781 2589 858 2663 in
893 2587 1156 2663 Maiori
1210 2589 1518 2664 Polonia
1568 2578 1976 2684 grassantis
2013 2614 2057 2663 a
2092 2613 2340 2665 mense
2395 2589 2795 2665 Novembri
2847 2610 3075 2684 usque

186 2708 270 2782 ad
307 2733 628 2785 mensem
663 2709 716 2785 J
721 2711 1088 2786 anuarium
1146 2712 1471 2808 proxime
1507 2712 1991 2809 praeteritum,
2048 2712 2340 2809 publico
2396 2712 2632 2787 edicto
2671 2712 3073 2805 edixerant3

185 2831 454 2908 interea
489 2834 835 2931 temporis
875 2857 915 2907 e
951 2832 1367 2908 Piotreovia
1403 2856 1547 2909 non
1584 2832 2035 2928 Cracoviam‚
2092 2834 2222 2908 sed
2278 2832 2651 2910 Gnesnam
2706 2833 2799 2907 ad
2838 2831 3075 2908 Cano-

184 2957 488 3031 nieatum
545 2980 749 3045 suum
806 2980 972 3031 sese
1026 2958 1455 3053 contulerat,
1528 2959 1658 3055 ubiv
1705 2960 1918 3034 etiam
1974 2982 2107 3056 per
2160 2966 2441 3056 tempus
2493 2957 2869 3031 Adventus
2922 2957 3074 3030 Do-

183 3079 352 3153 mini
389 3087 468 3153 et-
493 3078 722 3153 Festa
757 3076 1177 3154 Nativitatis
1217 3078 1490 3155 Christi
1525 3081 1905 3177 manend0,
1951 3081 2089 3155 etsi
2126 3080 2700 3156 distributionum
2740 3079 3073 3174 omnium,

183 3224 362 3298 quae
417 3203 629 3276 etiam
684 3201 786 3276 ibi
837 3224 982 3276 non
1036 3212 1287 3277 tenues
1342 3227 1508 3278 6886
1563 3204 1828 3295 solent,
1887 3205 2251 3302 particeps
2304 3204 2559 3299 fuerit3
2616 3203 3079 3278 nihilominus

183 3331 420 3399 tamen
464 3333 536 3398 et
570 3324 690 3398 1116
730 3346 1013 3422 quoque
1051 3325 1246 3399 circa
1280 3325 1691 3400 Ecclesiam
1745 3326 1933 3400 hanc
1972 3327 2323 3401 eiusmodi
2372 3325 2913 3401 distributiones
2948 3347 3080 3422 per

182 3446 357 3522 illud
395 3455 678 3545 tempus
712 3471 754 3520 a
781 3447 1118 3521 Dominis
1156 3446 1750 3522 Procuratoribus
1788 3457 2146 3546 repetens,
2192 3448 2283 3523 de
2321 3451 2429 3524 eis
2470 3448 2611 3524 sibi
2656 3446 3080 3545 responderi

179 3567 503 3665 intendit,
557 3570 705 3644 imo
757 3592 893 3666 pro
951 3569 1220 3643 eisdem
1285 3571 1695 3644 universum
1751 3567 2192 3645 Venerabile
2258 3569 2667 3667 Capitulum
2724 3569 2815 3642 ad
2868 3567 2921 3643 J
2926 3567 3077 3641 udi-

181 3691 365 3765 cium
418 3691 1043 3790 Reverendissimi
1097 3691 1392 3766 Domini
1465 3693 1693 3766 nostri
1747 3692 2051 3789 speciali
2107 3691 2467 3766 Citatione
2523 3693 2730 3765 citari
2783 3713 3077 3786 proeur-

180 3821 318 3887 rat:
397 3813 812 3888 Reverendi
879 3812 1177 3887 Domini
1238 3815 1480 3910 itaque
1536 3813 1942 3912 Capitulum
2015 3813 2389 3909 indignam
2462 3837 2626 3888 esse
2700 3820 3079 3886 censentes

179 3959 475 4032 remque
511 3936 684 4010 mali
723 3936 1040 4034 exempli
1077 3943 1412 4032 putantes
1446 3937 1624 4030 fore,
1686 3945 1764 4010 ut
1799 3960 2012 4012 unum
2054 3959 2317 4034 eorpus
2356 3938 2428 4010 in
2469 3935 2777 4010 diversis
2813 3942 2884 4007 et
2918 3958 2963 4007 a
2998 3955 3079 4007 se

177 4057 560 4156 plurimum
636 4057 1070 4132 distantibus
1141 4058 1326 4133 loeis
1381 4059 1630 4133 eodem
1705 4060 2050 4156 temporis
2120 4067 2479 4133 momento
2544 4080 2709 4134 esse
2762 4065 2836 4132 et
2886 4080 3077 4132 com-

177 4181 392 4255 moda
429 4203 693 4278 capere
730 4179 1010 4272 debeat,
1068 4179 1606 4266 distributiones
1645 4181 1996 4286 eiusmodi
2035 4181 2320 4255 omnino
2357 4180 2467 4254 illi
2504 4181 2877 4275 negandas
2916 4201 3079 4253 esse

175 4302 652 4378 decreverunt
704 4310 777 4377 et
829 4303 1352 4377 concluserunt.
1413 4304 1624 4393 Quod
1681 4326 1856 4376 vero
1911 4302 2165 4377 attinet
2217 4303 2546 4400 petitioni
2597 4302 2881 4376 nomine
2935 4301 3081 4376 Re-

173 4424 474 4500 verendi
547 4425 841 4500 Domini
913 4421 1379 4499 Gomolinski
1433 4448 1564 4522 pro
1621 4424 1978 4500 similibus
2051 4424 2670 4500 distributionibus
2740 4423 2835 4498 ad
2910 4446 3083 4499 suas

174 4547 646 4624 Reverendas
716 4548 1268 4623 Dominationes
1335 4550 1634 4643 factam,
1711 4571 1797 4622 eo
1869 4548 2058 4644 quod
2133 4571 2347 4622 casus
2417 4549 2637 4643 longe
2707 4546 3083 4622 dissimilis

173 4671 433 4766 fuerit,
505 4693 766 4766 nempe
823 4669 1011 4767 quod
1065 4672 1224 4768 ipse
1294 4678 1462 4768 post
1515 4669 2045 4744 conclusionem
2105 4678 2177 4744 et
2227 4670 2725 4746 limitationem
2795 4668 3081 4744 ordina-

175 4796 354 4870 riam
395 4794 446 4871 ..1
453 4795 846 4870 udiciorum
879 4793 1302 4870 Tribunalis
1329 4792 1785 4868 Piotreoviae
1815 4793 2142 4890 proxima
2180 4793 2758 4888 Quadragesima
2792 4792 3080 4886 factam,

173 4925 477 5016 propter
511 4916 860 5014 temporis
894 4925 966 4992 et
1001 4917 1270 4991 viarum
1325 4915 2002 5008 incommoditatem,
2060 4914 2389 4991 imbrium
2448 4915 2856 5011 niviumque
2912 4937 3081 4989 con-

174 5041 419 5116 tinuas
469 5046 940 5138 tempestates
979 5047 1050 5113 et
1087 5061 1432 5134 aquarum
1489 5035 2033 5130 exundationes,
2092 5060 2184 5111 ex
2237 5036 2649 5113 Piotrcovia
2702 5060 2847 5113 non
2902 5034 3079 5110 Cra-

177 5163 461 5238 coviam
517 5161 648 5238 sed
703 5169 900 5237 recta
953 5160 1336 5236 Lublinum
1399 5183 1564 5236 sese
1619 5159 1938 5254 contulit,
1993 5158 2185 5234 unde
2241 5184 2398 5235 cum
2454 5160 2705 5258 dispar
2758 5159 2853 5234 sit
2898 5157 3083 5232 ratio

173 5284 400 5361 huius
448 5285 545 5359 ab
598 5284 760 5380 illo,
817 5282 1358 5359 distributiones
1410 5282 1657 5358 harum
1718 5282 2017 5357 duarum
2085 5283 2639 5381 septimanarum
2695 5282 2887 5357 dicto
2937 5279 3082 5356 Re·

175 5405 505 5483 verendo
557 5406 874 5482 Domino
912 5402 1380 5480 Gomolinski
1416 5404 1695 5480 dandas
1731 5428 1897 5482 esse
1935 5405 2409 5483 decreverunt
2444 5414 2515 5482 et
2552 5405 3081 5480 concluserunt.

2725 5522 2807 5592 18
