<?xml version="1.0" encoding="UTF-8"?>
<!DOCTYPE html PUBLIC "-//W3C//DTD XHTML 1.0 Transitional//EN"
    "http://www.w3.org/TR/xhtml1/DTD/xhtml1-transitional.dtd">
<html xmlns="http://www.w3.org/1999/xhtml" xml:lang="en" lang="en">
 <head>
  <title>
</title>
<meta http-equiv="Content-Type" content="text/html;charset=utf-8" />
  <meta name='ocr-system' content='tesseract 3.04.00' />
  <meta name='ocr-capabilities' content='ocr_page ocr_carea ocr_par ocr_line ocrx_word'/>
</head>
<body>
  <div class='ocr_page' id='page_1' title='image "./statutacapitula00nykogoog_0097.png"; bbox 0 0 4055 6364; ppageno 0'>
   <div class='ocr_carea' id='block_1_1' title="bbox 2119 726 2636 803">
    <p class='ocr_par' dir='ltr' id='par_1_1' title="bbox 2119 726 2636 803">
     <span class='ocr_line' id='line_1_1' title="bbox 2119 726 2636 803; baseline 0 -18"><span class='ocrx_word' id='word_1_1' title='bbox 2119 726 2636 803; x_wconf 77' lang='grc'><strong>-74-</strong></span> 
     </span>
    </p>
   </div>
   <div class='ocr_carea' id='block_1_2' title="bbox 924 935 3844 1401">
    <p class='ocr_par' dir='ltr' id='par_1_2' title="bbox 924 935 3844 1401">
     <span class='ocr_line' id='line_1_2' title="bbox 928 935 3843 1039; baseline -0.001 -26"><span class='ocrx_word' id='word_1_2' title='bbox 928 940 1336 1015; x_wconf 73' lang='lat' dir='ltr'><strong>Ecclesiam</strong></span> <span class='ocrx_word' id='word_1_3' title='bbox 1390 964 1523 1039; x_wconf 90' lang='lat' dir='ltr'><strong>per</strong></span> <span class='ocrx_word' id='word_1_4' title='bbox 1578 940 1987 1038; x_wconf 78' lang='lat' dir='ltr'><strong>Capitulum</strong></span> <span class='ocrx_word' id='word_1_5' title='bbox 2045 938 2439 1018; x_wconf 83' lang='lat' dir='ltr'><strong>solenniter</strong></span> <span class='ocrx_word' id='word_1_6' title='bbox 2489 939 2586 1015; x_wconf 88' lang='lat' dir='ltr'><strong>sit</strong></span> <span class='ocrx_word' id='word_1_7' title='bbox 2620 946 2978 1037; x_wconf 85' lang='lat' dir='ltr'><strong>receptus,</strong></span> <span class='ocrx_word' id='word_1_8' title='bbox 3034 940 3390 1014; x_wconf 80' lang='lat' dir='ltr'>Dominus</span> <span class='ocrx_word' id='word_1_9' title='bbox 3429 962 3602 1013; x_wconf 86' lang='lat' dir='ltr'><strong>vero</strong></span> <span class='ocrx_word' id='word_1_10' title='bbox 3641 935 3843 1012; x_wconf 84' lang='lat' dir='ltr'><strong>Gar·</strong></span> 
     </span>
     <span class='ocr_line' id='line_1_3' title="bbox 928 1060 3842 1159; baseline -0.001 -23"><span class='ocrx_word' id='word_1_11' title='bbox 928 1062 1166 1137; x_wconf 86' lang='lat' dir='ltr'><strong>waski</strong></span> <span class='ocrx_word' id='word_1_12' title='bbox 1236 1062 1547 1139; x_wconf 87' lang='lat' dir='ltr'><strong>nondum</strong></span> <span class='ocrx_word' id='word_1_13' title='bbox 1600 1064 1690 1137; x_wconf 90' lang='lat' dir='ltr'><strong>ad</strong></span> <span class='ocrx_word' id='word_1_14' title='bbox 1748 1084 1907 1137; x_wconf 87' lang='lat' dir='ltr'><strong>eam</strong></span> <span class='ocrx_word' id='word_1_15' title='bbox 1960 1063 2178 1139; x_wconf 83' lang='lat' dir='ltr'><strong>fuerit</strong></span> <span class='ocrx_word' id='word_1_16' title='bbox 2231 1062 2630 1138; x_wconf 82' lang='lat' dir='ltr'><strong>admissus:</strong></span> <span class='ocrx_word' id='word_1_17' title='bbox 2705 1084 2846 1135; x_wconf 84' lang='lat' dir='ltr'><strong>non</strong></span> <span class='ocrx_word' id='word_1_18' title='bbox 2898 1062 3168 1136; x_wconf 84' lang='lat' dir='ltr'><strong>debere</strong></span> <span class='ocrx_word' id='word_1_19' title='bbox 3240 1084 3472 1159; x_wconf 90' lang='lat' dir='ltr'><strong>neque</strong></span> <span class='ocrx_word' id='word_1_20' title='bbox 3535 1060 3842 1155; x_wconf 86' lang='lat' dir='ltr'><strong>dignum</strong></span> 
     </span>
     <span class='ocr_line' id='line_1_4' title="bbox 928 1183 3844 1282; baseline -0.001 -23"><span class='ocrx_word' id='word_1_21' title='bbox 928 1206 1125 1277; x_wconf 88' lang='lat' dir='ltr'><strong>esse,</strong></span> <span class='ocrx_word' id='word_1_22' title='bbox 1180 1185 1569 1261; x_wconf 84' lang='lat' dir='ltr'><strong>Dominum</strong></span> <span class='ocrx_word' id='word_1_23' title='bbox 1643 1184 2040 1260; x_wconf 82' lang='lat' dir='ltr'><strong>Korczbok</strong></span> <span class='ocrx_word' id='word_1_24' title='bbox 2111 1210 2155 1260; x_wconf 85' lang='lat' dir='ltr'><strong>a</strong></span> <span class='ocrx_word' id='word_1_25' title='bbox 2210 1183 2528 1282; x_wconf 80' lang='lat' dir='ltr'><strong>Capituli</strong></span> <span class='ocrx_word' id='word_1_26' title='bbox 2601 1184 3115 1279; x_wconf 75' lang='lat' dir='ltr'><strong>congressibus</strong></span> <span class='ocrx_word' id='word_1_27' title='bbox 3166 1191 3240 1258; x_wconf 90' lang='lat' dir='ltr'><strong>et</strong></span> <span class='ocrx_word' id='word_1_28' title='bbox 3291 1206 3641 1259; x_wconf 86' lang='lat' dir='ltr'><strong>consessu</strong></span> <span class='ocrx_word' id='word_1_29' title='bbox 3715 1184 3844 1257; x_wconf 86' lang='lat' dir='ltr'><strong>vel</strong></span> 
     </span>
     <span class='ocr_line' id='line_1_5' title="bbox 924 1306 3172 1401; baseline 0 -20"><span class='ocrx_word' id='word_1_30' title='bbox 924 1307 1440 1383; x_wconf 78' lang='lat' dir='ltr'><strong>refectionibus</strong></span> <span class='ocrx_word' id='word_1_31' title='bbox 1494 1306 1803 1401; x_wconf 79' lang='lat' dir='ltr'><strong>excludi,</strong></span> <span class='ocrx_word' id='word_1_32' title='bbox 1864 1307 2274 1383; x_wconf 81' lang='lat' dir='ltr'><strong>Reverendi</strong></span> <span class='ocrx_word' id='word_1_33' title='bbox 2325 1306 2622 1381; x_wconf 88' lang='lat' dir='ltr'><strong>Domini</strong></span> <span class='ocrx_word' id='word_1_34' title='bbox 2676 1306 3172 1381; x_wconf 88' lang='lat' dir='ltr'><strong>decreverunt.</strong></span> 
     </span>
    </p>
   </div>
   <div class='ocr_carea' id='block_1_3' title="bbox 2089 1614 2685 1720">
    <p class='ocr_par' dir='ltr' id='par_1_3' title="bbox 2089 1614 2685 1720">
     <span class='ocr_line' id='line_1_6' title="bbox 2089 1614 2685 1720; baseline 0 -1"><span class='ocrx_word' id='word_1_35' title='bbox 2089 1614 2685 1720; x_wconf 88' lang='lat' dir='ltr'>LXXXVIII.</span> 
     </span>
    </p>
   </div>
   <div class='ocr_carea' id='block_1_4' title="bbox 932 1825 3840 2073">
    <p class='ocr_par' dir='ltr' id='par_1_4' title="bbox 932 1825 3840 2073">
     <span class='ocr_line' id='line_1_7' title="bbox 932 1825 3840 1930; baseline 0.001 -21"><span class='ocrx_word' id='word_1_36' title='bbox 932 1830 1037 1910; x_wconf 84' lang='lat' dir='ltr'><strong>De</strong></span> <span class='ocrx_word' id='word_1_37' title='bbox 1096 1828 1385 1918; x_wconf 77' lang='lat' dir='ltr'><strong>duobus</strong></span> <span class='ocrx_word' id='word_1_38' title='bbox 1444 1827 1905 1930; x_wconf 68' lang='lat' dir='ltr'><strong>iitigantibus</strong></span> <span class='ocrx_word' id='word_1_39' title='bbox 1962 1826 2516 1930; x_wconf 77' lang='lat' dir='ltr'><strong>interpretatio.</strong></span> <span class='ocrx_word' id='word_1_40' title='bbox 2590 1826 2773 1909; x_wconf 69' lang='lat' dir='ltr'><strong>Anni</strong></span> <span class='ocrx_word' id='word_1_41' title='bbox 2827 1826 3182 1909; x_wconf 64' lang='lat' dir='ltr'><strong>millesimi</strong></span> <span class='ocrx_word' id='word_1_42' title='bbox 3251 1825 3840 1929; x_wconf 72' lang='lat' dir='ltr'><strong>ssuinflentesimi</strong></span> 
     </span>
     <span class='ocr_line' id='line_1_8' title="bbox 933 1948 3838 2073; baseline -0 -39"><span class='ocrx_word' id='word_1_43' title='bbox 933 1949 1533 2073; x_wconf 73' lang='lat' dir='ltr'><strong>ssuinquauesimi</strong></span> <span class='ocrx_word' id='word_1_44' title='bbox 1606 1952 1839 2035; x_wconf 88' lang='lat' dir='ltr'><strong>tertii.</strong></span> <span class='ocrx_word' id='word_1_45' title='bbox 1913 1951 2229 2033; x_wconf 80' lang='lat' dir='ltr'><strong>Veneris</strong></span> <span class='ocrx_word' id='word_1_46' title='bbox 2296 1950 2376 2033; x_wconf 87' lang='grc'><strong>10</strong></span> <span class='ocrx_word' id='word_1_47' title='bbox 2445 1948 2864 2049; x_wconf 76' lang='lat' dir='ltr'><strong>Februarii,</strong></span> <span class='ocrx_word' id='word_1_48' title='bbox 2931 1949 3000 2032; x_wconf 90' lang='lat' dir='ltr'><strong>in</strong></span> <span class='ocrx_word' id='word_1_49' title='bbox 3067 1952 3396 2050; x_wconf 71' lang='lat' dir='ltr'><strong>uenerati</strong></span> <span class='ocrx_word' id='word_1_50' title='bbox 3470 1951 3838 2052; x_wconf 80' lang='lat' dir='ltr'><strong>capitulo.</strong></span> 
     </span>
    </p>
   </div>
   <div class='ocr_carea' id='block_1_5' title="bbox 927 2158 3844 5304">
    <p class='ocr_par' dir='ltr' id='par_1_5' title="bbox 927 2158 3844 5304">
     <span class='ocr_line' id='line_1_9' title="bbox 1135 2158 3844 2262; baseline 0.001 -25"><span class='ocrx_word' id='word_1_51' title='bbox 1135 2160 1316 2237; x_wconf 85' lang='lat' dir='ltr'><strong>Cum</strong></span> <span class='ocrx_word' id='word_1_52' title='bbox 1372 2162 1739 2258; x_wconf 84' lang='lat' dir='ltr'><strong>negotium</strong></span> <span class='ocrx_word' id='word_1_53' title='bbox 1796 2158 2059 2237; x_wconf 74' lang='lat' dir='ltr'><strong>statuti</strong></span> <span class='ocrx_word' id='word_1_54' title='bbox 2131 2162 2551 2258; x_wconf 87' lang='lat' dir='ltr'><strong>capitularis</strong></span> <span class='ocrx_word' id='word_1_55' title='bbox 2605 2163 2696 2237; x_wconf 92' lang='lat' dir='ltr'><strong>de</strong></span> <span class='ocrx_word' id='word_1_56' title='bbox 2752 2161 3032 2237; x_wconf 89' lang='lat' dir='ltr'><strong>duobus</strong></span> <span class='ocrx_word' id='word_1_57' title='bbox 3103 2162 3552 2259; x_wconf 81' lang='lat' dir='ltr'><strong>litigantibus</strong></span> <span class='ocrx_word' id='word_1_58' title='bbox 3615 2188 3844 2262; x_wconf 87' lang='lat' dir='ltr'><strong>super</strong></span> 
     </span>
     <span class='ocr_line' id='line_1_10' title="bbox 927 2284 3842 2382; baseline 0 -20"><span class='ocrx_word' id='word_1_59' title='bbox 927 2286 1354 2362; x_wconf 80' lang='lat' dir='ltr'><strong>Praelatura</strong></span> <span class='ocrx_word' id='word_1_60' title='bbox 1394 2286 1510 2359; x_wconf 88' lang='lat' dir='ltr'><strong>vel</strong></span> <span class='ocrx_word' id='word_1_61' title='bbox 1546 2285 1977 2361; x_wconf 87' lang='lat' dir='ltr'><strong>Praebenda</strong></span> <span class='ocrx_word' id='word_1_62' title='bbox 2012 2284 2487 2359; x_wconf 84' lang='lat' dir='ltr'><strong>Oracoviensi</strong></span> <span class='ocrx_word' id='word_1_63' title='bbox 2532 2284 2727 2375; x_wconf 86' lang='lat' dir='ltr'><strong>editi,</strong></span> <span class='ocrx_word' id='word_1_64' title='bbox 2785 2285 2982 2360; x_wconf 86' lang='lat' dir='ltr'><strong>iuxta</strong></span> <span class='ocrx_word' id='word_1_65' title='bbox 3019 2287 3600 2382; x_wconf 82' lang='lat' dir='ltr'><strong>prorogationem</strong></span> <span class='ocrx_word' id='word_1_66' title='bbox 3634 2288 3842 2363; x_wconf 80' lang='lat' dir='ltr'><strong>illius</strong></span> 
     </span>
     <span class='ocr_line' id='line_1_11' title="bbox 930 2405 3838 2507; baseline 0 -23"><span class='ocrx_word' id='word_1_67' title='bbox 930 2408 1025 2485; x_wconf 82' lang='lat' dir='ltr'><strong>ad</strong></span> <span class='ocrx_word' id='word_1_68' title='bbox 1063 2431 1416 2507; x_wconf 84' lang='lat' dir='ltr'><strong>praesens</strong></span> <span class='ocrx_word' id='word_1_69' title='bbox 1466 2405 1834 2484; x_wconf 76' lang='lat' dir='ltr'><strong>Generale</strong></span> <span class='ocrx_word' id='word_1_70' title='bbox 1888 2407 2300 2507; x_wconf 78' lang='lat' dir='ltr'><strong>Capitulum</strong></span> <span class='ocrx_word' id='word_1_71' title='bbox 2337 2408 2623 2503; x_wconf 84' lang='lat' dir='ltr'><strong>factam,</strong></span> <span class='ocrx_word' id='word_1_72' title='bbox 2683 2408 3091 2483; x_wconf 87' lang='lat' dir='ltr'><strong>Reverendi</strong></span> <span class='ocrx_word' id='word_1_73' title='bbox 3137 2408 3434 2483; x_wconf 90' lang='lat' dir='ltr'><strong>Domini</strong></span> <span class='ocrx_word' id='word_1_74' title='bbox 3471 2411 3838 2507; x_wconf 86' lang='lat' dir='ltr'><strong>suscepis-</strong></span> 
     </span>
     <span class='ocr_line' id='line_1_12' title="bbox 936 2528 3841 2629; baseline -0.001 -20"><span class='ocrx_word' id='word_1_75' title='bbox 936 2532 1207 2609; x_wconf 85' lang='lat' dir='ltr'><strong>sentin</strong></span> <span class='ocrx_word' id='word_1_76' title='bbox 1247 2531 1859 2625; x_wconf 84' lang='lat' dir='ltr'><strong>deliberationem,</strong></span> <span class='ocrx_word' id='word_1_77' title='bbox 1920 2532 2293 2628; x_wconf 87' lang='lat' dir='ltr'><strong>cupientes</strong></span> <span class='ocrx_word' id='word_1_78' title='bbox 2331 2529 2681 2627; x_wconf 79' lang='lat' dir='ltr'><strong>praedicti</strong></span> <span class='ocrx_word' id='word_1_79' title='bbox 2735 2528 2997 2605; x_wconf 77' lang='lat' dir='ltr'><strong>statuti</strong></span> <span class='ocrx_word' id='word_1_80' title='bbox 3049 2538 3122 2604; x_wconf 88' lang='lat' dir='ltr'><strong>et</strong></span> <span class='ocrx_word' id='word_1_81' title='bbox 3157 2531 3457 2605; x_wconf 87' lang='lat' dir='ltr'><strong>aliorum</strong></span> <span class='ocrx_word' id='word_1_82' title='bbox 3522 2530 3841 2629; x_wconf 81' lang='lat' dir='ltr'><strong>desuper</strong></span> 
     </span>
     <span class='ocr_line' id='line_1_13' title="bbox 929 2652 3838 2752; baseline -0 -22"><span class='ocrx_word' id='word_1_83' title='bbox 929 2656 1281 2730; x_wconf 87' lang='lat' dir='ltr'><strong>editorum</strong></span> <span class='ocrx_word' id='word_1_84' title='bbox 1334 2654 2020 2752; x_wconf 82' lang='lat' dir='ltr'><strong>interpretationem,</strong></span> <span class='ocrx_word' id='word_1_85' title='bbox 2092 2675 2276 2749; x_wconf 86' lang='lat' dir='ltr'><strong>quae</strong></span> <span class='ocrx_word' id='word_1_86' title='bbox 2330 2652 2651 2749; x_wconf 85' lang='lat' dir='ltr'><strong>alioquin</strong></span> <span class='ocrx_word' id='word_1_87' title='bbox 2708 2652 3135 2749; x_wconf 78' lang='lat' dir='ltr'><strong>quibusdam</strong></span> <span class='ocrx_word' id='word_1_88' title='bbox 3192 2653 3547 2729; x_wconf 85' lang='lat' dir='ltr'><strong>subdubia</strong></span> <span class='ocrx_word' id='word_1_89' title='bbox 3593 2661 3667 2728; x_wconf 90' lang='lat' dir='ltr'><strong>et</strong></span> <span class='ocrx_word' id='word_1_90' title='bbox 3703 2656 3838 2729; x_wconf 90' lang='lat' dir='ltr'><strong>mi-</strong></span> 
     </span>
     <span class='ocr_line' id='line_1_14' title="bbox 930 2774 3835 2873; baseline 0 -23"><span class='ocrx_word' id='word_1_91' title='bbox 930 2800 1065 2852; x_wconf 88' lang='lat' dir='ltr'><strong>nus</strong></span> <span class='ocrx_word' id='word_1_92' title='bbox 1119 2777 1321 2851; x_wconf 87' lang='lat' dir='ltr'><strong>clara</strong></span> <span class='ocrx_word' id='word_1_93' title='bbox 1356 2776 1516 2850; x_wconf 88' lang='lat' dir='ltr'><strong>visa</strong></span> <span class='ocrx_word' id='word_1_94' title='bbox 1556 2784 1688 2869; x_wconf 87' lang='lat' dir='ltr'><strong>est,</strong></span> <span class='ocrx_word' id='word_1_95' title='bbox 1747 2776 2148 2873; x_wconf 88' lang='lat' dir='ltr'><strong>planiorem</strong></span> <span class='ocrx_word' id='word_1_96' title='bbox 2200 2776 2468 2869; x_wconf 87' lang='lat' dir='ltr'><strong>facere,</strong></span> <span class='ocrx_word' id='word_1_97' title='bbox 2521 2776 2736 2850; x_wconf 89' lang='lat' dir='ltr'><strong>lectis</strong></span> <span class='ocrx_word' id='word_1_98' title='bbox 2790 2774 3086 2870; x_wconf 86' lang='lat' dir='ltr'><strong>eisdem,</strong></span> <span class='ocrx_word' id='word_1_99' title='bbox 3145 2776 3567 2851; x_wconf 85' lang='lat' dir='ltr'><strong>auscultatis</strong></span> <span class='ocrx_word' id='word_1_100' title='bbox 3603 2785 3676 2851; x_wconf 88' lang='lat' dir='ltr'><strong>et</strong></span> <span class='ocrx_word' id='word_1_101' title='bbox 3711 2778 3835 2851; x_wconf 88' lang='lat' dir='ltr'><strong>de-</strong></span> 
     </span>
     <span class='ocr_line' id='line_1_15' title="bbox 930 2897 3838 2995; baseline -0.001 -20"><span class='ocrx_word' id='word_1_102' title='bbox 930 2900 1079 2976; x_wconf 88' lang='lat' dir='ltr'><strong>bite</strong></span> <span class='ocrx_word' id='word_1_103' title='bbox 1131 2898 1559 2993; x_wconf 85' lang='lat' dir='ltr'><strong>intellectis,</strong></span> <span class='ocrx_word' id='word_1_104' title='bbox 1616 2900 1797 2974; x_wconf 87' lang='lat' dir='ltr'><strong>visis</strong></span> <span class='ocrx_word' id='word_1_105' title='bbox 1852 2898 2658 2995; x_wconf 85' lang='lat' dir='ltr'><strong>etiam·1·eceptionibus</strong></span> <span class='ocrx_word' id='word_1_106' title='bbox 2711 2899 2786 2971; x_wconf 91' lang='lat' dir='ltr'><strong>in</strong></span> <span class='ocrx_word' id='word_1_107' title='bbox 2841 2897 3250 2973; x_wconf 85' lang='lat' dir='ltr'><strong>Ecclesiam</strong></span> <span class='ocrx_word' id='word_1_108' title='bbox 3305 2897 3838 2994; x_wconf 87' lang='lat' dir='ltr'><strong>praedictorum</strong></span> 
     </span>
     <span class='ocr_line' id='line_1_16' title="bbox 927 3020 3840 3117; baseline -0.002 -18"><span class='ocrx_word' id='word_1_109' title='bbox 927 3022 1403 3109; x_wconf 67' lang='lat' dir='ltr'><strong>Dominarum</strong></span> <span class='ocrx_word' id='word_1_110' title='bbox 1441 3022 2014 3117; x_wconf 78' lang='lat' dir='ltr'><strong>collitigantium,</strong></span> <span class='ocrx_word' id='word_1_111' title='bbox 2073 3021 2373 3097; x_wconf 87' lang='lat' dir='ltr'><strong>Domini</strong></span> <span class='ocrx_word' id='word_1_112' title='bbox 2417 3020 2469 3096; x_wconf 82' lang='lat' dir='ltr'><strong>J</strong></span> <span class='ocrx_word' id='word_1_113' title='bbox 2473 3022 2730 3095; x_wconf 90' lang='lat' dir='ltr'><strong>oannis</strong></span> <span class='ocrx_word' id='word_1_114' title='bbox 2767 3020 3046 3095; x_wconf 85' lang='lat' dir='ltr'><strong>scilicet</strong></span> <span class='ocrx_word' id='word_1_115' title='bbox 3098 3020 3498 3095; x_wconf 81' lang='lat' dir='ltr'><strong>Korczbok</strong></span> <span class='ocrx_word' id='word_1_116' title='bbox 3555 3020 3840 3095; x_wconf 89' lang='lat' dir='ltr'><strong>Decani</strong></span> 
     </span>
     <span class='ocr_line' id='line_1_17' title="bbox 932 3139 3834 3243; baseline -0.002 -20"><span class='ocrx_word' id='word_1_117' title='bbox 932 3143 1428 3239; x_wconf 74' lang='lat' dir='ltr'><strong>Gnesnensis,</strong></span> <span class='ocrx_word' id='word_1_118' title='bbox 1485 3152 1557 3219; x_wconf 89' lang='lat' dir='ltr'><strong>et</strong></span> <span class='ocrx_word' id='word_1_119' title='bbox 1620 3144 1917 3222; x_wconf 91' lang='lat' dir='ltr'><strong>Domini</strong></span> <span class='ocrx_word' id='word_1_120' title='bbox 1970 3142 2400 3243; x_wconf 87' lang='lat' dir='ltr'><strong>Hieronymi</strong></span> <span class='ocrx_word' id='word_1_121' title='bbox 2472 3139 2866 3218; x_wconf 82' lang='lat' dir='ltr'><strong>Garwaski</strong></span> <span class='ocrx_word' id='word_1_122' title='bbox 2933 3140 3282 3218; x_wconf 87' lang='lat' dir='ltr'><strong>Canonici</strong></span> <span class='ocrx_word' id='word_1_123' title='bbox 3353 3142 3834 3238; x_wconf 72' lang='lat' dir='ltr'><strong>LoviciensiS,</strong></span> 
     </span>
     <span class='ocr_line' id='line_1_18' title="bbox 928 3263 3835 3363; baseline -0.001 -21"><span class='ocrx_word' id='word_1_124' title='bbox 928 3269 1044 3344; x_wconf 90' lang='lat' dir='ltr'><strong>ius</strong></span> <span class='ocrx_word' id='word_1_125' title='bbox 1098 3276 1170 3342; x_wconf 92' lang='lat' dir='ltr'><strong>et</strong></span> <span class='ocrx_word' id='word_1_126' title='bbox 1219 3269 1574 3342; x_wconf 88' lang='lat' dir='ltr'><strong>interesse</strong></span> <span class='ocrx_word' id='word_1_127' title='bbox 1629 3267 1720 3342; x_wconf 90' lang='lat' dir='ltr'><strong>ad</strong></span> <span class='ocrx_word' id='word_1_128' title='bbox 1778 3265 2297 3342; x_wconf 83' lang='lat' dir='ltr'><strong>Canonicatum</strong></span> <span class='ocrx_word' id='word_1_129' title='bbox 2350 3273 2422 3340; x_wconf 91' lang='lat' dir='ltr'><strong>et</strong></span> <span class='ocrx_word' id='word_1_130' title='bbox 2457 3265 2942 3363; x_wconf 86' lang='lat' dir='ltr'><strong>praebendam</strong></span> <span class='ocrx_word' id='word_1_131' title='bbox 2997 3264 3380 3339; x_wconf 86' lang='lat' dir='ltr'><strong>Ecclesiae</strong></span> <span class='ocrx_word' id='word_1_132' title='bbox 3436 3263 3835 3338; x_wconf 80' lang='lat' dir='ltr'><strong>Cathedra-</strong></span> 
     </span>
     <span class='ocr_line' id='line_1_19' title="bbox 928 3373 3842 3484; baseline -0.002 -18"><span class='ocrx_word' id='word_1_133' title='bbox 928 3373 1025 3466; x_wconf 84' lang='lat' dir='ltr'><strong>lis</strong></span> <span class='ocrx_word' id='word_1_134' title='bbox 1094 3389 1604 3466; x_wconf 86' lang='lat' dir='ltr'><strong>Cracoviensis</strong></span> <span class='ocrx_word' id='word_1_135' title='bbox 1675 3389 1880 3465; x_wconf 87' lang='lat' dir='ltr'><strong>fundi</strong></span> <span class='ocrx_word' id='word_1_136' title='bbox 1949 3388 2373 3484; x_wconf 84' lang='lat' dir='ltr'><strong>Doiazdow,</strong></span> <span class='ocrx_word' id='word_1_137' title='bbox 2456 3395 2684 3463; x_wconf 89' lang='lat' dir='ltr'><strong>morte</strong></span> <span class='ocrx_word' id='word_1_138' title='bbox 2753 3387 3218 3462; x_wconf 87' lang='lat' dir='ltr'><strong>Venerabilis</strong></span> <span class='ocrx_word' id='word_1_139' title='bbox 3287 3387 3456 3462; x_wconf 88' lang='lat' dir='ltr'><strong>olim</strong></span> <span class='ocrx_word' id='word_1_140' title='bbox 3527 3387 3579 3464; x_wconf 83' lang='lat' dir='ltr'><strong>J</strong></span> <span class='ocrx_word' id='word_1_141' title='bbox 3585 3387 3842 3462; x_wconf 86' lang='lat' dir='ltr'><strong>oannis</strong></span> 
     </span>
     <span class='ocr_line' id='line_1_20' title="bbox 931 3510 3837 3608; baseline -0.001 -22"><span class='ocrx_word' id='word_1_142' title='bbox 931 3512 1428 3608; x_wconf 83' lang='lat' dir='ltr'><strong>Zdroiowski,</strong></span> <span class='ocrx_word' id='word_1_143' title='bbox 1486 3511 1837 3586; x_wconf 85' lang='lat' dir='ltr'><strong>Canonici</strong></span> <span class='ocrx_word' id='word_1_144' title='bbox 1891 3510 2426 3602; x_wconf 83' lang='lat' dir='ltr'><strong>Oracoviensis,</strong></span> <span class='ocrx_word' id='word_1_145' title='bbox 2485 3512 2810 3585; x_wconf 85' lang='lat' dir='ltr'><strong>vacantis</strong></span> <span class='ocrx_word' id='word_1_146' title='bbox 2833 3568 2850 3603; x_wconf 92' lang='lat'><strong>,</strong></span> <span class='ocrx_word' id='word_1_147' title='bbox 2907 3535 2988 3585; x_wconf 88' lang='lat' dir='ltr'><strong>se</strong></span> <span class='ocrx_word' id='word_1_148' title='bbox 3043 3511 3311 3587; x_wconf 88' lang='lat' dir='ltr'><strong>habere</strong></span> <span class='ocrx_word' id='word_1_149' title='bbox 3367 3510 3837 3607; x_wconf 87' lang='lat' dir='ltr'><strong>praetenden-</strong></span> 
     </span>
     <span class='ocr_line' id='line_1_21' title="bbox 932 3633 3841 3734; baseline -0.001 -24"><span class='ocrx_word' id='word_1_150' title='bbox 932 3637 1144 3730; x_wconf 85' lang='lat' dir='ltr'><strong>tium,</strong></span> <span class='ocrx_word' id='word_1_151' title='bbox 1198 3637 1381 3734; x_wconf 67' lang='lat' dir='ltr'><strong>yisis</strong></span> <span class='ocrx_word' id='word_1_152' title='bbox 1435 3635 1651 3709; x_wconf 84' lang='lat' dir='ltr'><strong>etiam</strong></span> <span class='ocrx_word' id='word_1_153' title='bbox 1705 3634 2276 3709; x_wconf 89' lang='lat' dir='ltr'><strong>intimationibus</strong></span> <span class='ocrx_word' id='word_1_154' title='bbox 2327 3635 2478 3708; x_wconf 88' lang='lat' dir='ltr'><strong>litis</strong></span> <span class='ocrx_word' id='word_1_155' title='bbox 2543 3633 2977 3730; x_wconf 87' lang='lat' dir='ltr'><strong>pendentiae</strong></span> <span class='ocrx_word' id='word_1_156' title='bbox 3034 3642 3105 3707; x_wconf 89' lang='lat' dir='ltr'><strong>et</strong></span> <span class='ocrx_word' id='word_1_157' title='bbox 3155 3633 3523 3706; x_wconf 88' lang='lat' dir='ltr'><strong>literarum</strong></span> <span class='ocrx_word' id='word_1_158' title='bbox 3579 3656 3841 3708; x_wconf 79' lang='lat' dir='ltr'><strong>execu-</strong></span> 
     </span>
     <span class='ocr_line' id='line_1_22' title="bbox 930 3754 3838 3854; baseline -0.001 -21"><span class='ocrx_word' id='word_1_159' title='bbox 930 3759 1294 3834; x_wconf 86' lang='lat' dir='ltr'><strong>torialium</strong></span> <span class='ocrx_word' id='word_1_160' title='bbox 1346 3782 1508 3834; x_wconf 91' lang='lat' dir='ltr'><strong>cum</strong></span> <span class='ocrx_word' id='word_1_161' title='bbox 1561 3759 1837 3832; x_wconf 88' lang='lat' dir='ltr'><strong>inserta</strong></span> <span class='ocrx_word' id='word_1_162' title='bbox 1890 3759 2246 3831; x_wconf 88' lang='lat' dir='ltr'><strong>sententia</strong></span> <span class='ocrx_word' id='word_1_163' title='bbox 2313 3755 2682 3830; x_wconf 88' lang='lat' dir='ltr'><strong>definitiva</strong></span> <span class='ocrx_word' id='word_1_164' title='bbox 2735 3778 2868 3853; x_wconf 90' lang='lat' dir='ltr'><strong>pro</strong></span> <span class='ocrx_word' id='word_1_165' title='bbox 2925 3763 3128 3852; x_wconf 88' lang='lat' dir='ltr'><strong>parte</strong></span> <span class='ocrx_word' id='word_1_166' title='bbox 3184 3754 3358 3830; x_wconf 86' lang='lat' dir='ltr'><strong>dicti</strong></span> <span class='ocrx_word' id='word_1_167' title='bbox 3409 3755 3838 3854; x_wconf 79' lang='lat' dir='ltr'><strong>Hieronymi</strong></span> 
     </span>
     <span class='ocr_line' id='line_1_23' title="bbox 928 3878 3839 3975; baseline -0.001 -19"><span class='ocrx_word' id='word_1_168' title='bbox 928 3879 1350 3975; x_wconf 79' lang='lat' dir='ltr'><strong>Garwaski,</strong></span> <span class='ocrx_word' id='word_1_169' title='bbox 1407 3887 1477 3955; x_wconf 88' lang='lat' dir='ltr'><strong>et</strong></span> <span class='ocrx_word' id='word_1_170' title='bbox 1530 3889 1781 3954; x_wconf 87' lang='lat' dir='ltr'><strong>contra</strong></span> <span class='ocrx_word' id='word_1_171' title='bbox 1834 3879 2220 3955; x_wconf 90' lang='lat' dir='ltr'><strong>Dominum</strong></span> <span class='ocrx_word' id='word_1_172' title='bbox 2293 3878 2648 3954; x_wconf 85' lang='lat' dir='ltr'><strong>Joannem</strong></span> <span class='ocrx_word' id='word_1_173' title='bbox 2726 3878 3127 3953; x_wconf 84' lang='lat' dir='ltr'><strong>Korczbok</strong></span> <span class='ocrx_word' id='word_1_174' title='bbox 3189 3900 3432 3954; x_wconf 89' lang='lat' dir='ltr'><strong>coram</strong></span> <span class='ocrx_word' id='word_1_175' title='bbox 3487 3901 3569 3952; x_wconf 89' lang='lat' dir='ltr'><strong>se</strong></span> <span class='ocrx_word' id='word_1_176' title='bbox 3622 3879 3839 3952; x_wconf 82' lang='lat' dir='ltr'><strong>factis</strong></span> 
     </span>
     <span class='ocr_line' id='line_1_24' title="bbox 934 3997 3836 4096; baseline -0.002 -18"><span class='ocrx_word' id='word_1_177' title='bbox 934 4011 1004 4078; x_wconf 88' lang='lat' dir='ltr'><strong>et</strong></span> <span class='ocrx_word' id='word_1_178' title='bbox 1038 4003 1401 4096; x_wconf 80' lang='lat' dir='ltr'><strong>exhibitis,</strong></span> <span class='ocrx_word' id='word_1_179' title='bbox 1456 4002 1939 4077; x_wconf 86' lang='lat' dir='ltr'><strong>uniformitate</strong></span> <span class='ocrx_word' id='word_1_180' title='bbox 1978 4002 2482 4095; x_wconf 86' lang='lat' dir='ltr'><strong>suffragiorum</strong></span> <span class='ocrx_word' id='word_1_181' title='bbox 2536 4000 3038 4075; x_wconf 89' lang='lat' dir='ltr'><strong>decreverunt:</strong></span> <span class='ocrx_word' id='word_1_182' title='bbox 3099 3997 3452 4074; x_wconf 86' lang='lat' dir='ltr'><strong>Statutum</strong></span> <span class='ocrx_word' id='word_1_183' title='bbox 3508 4001 3836 4096; x_wconf 89' lang='lat' dir='ltr'><strong>praedic·</strong></span> 
     </span>
     <span class='ocr_line' id='line_1_25' title="bbox 932 4123 3836 4222; baseline -0.001 -22"><span class='ocrx_word' id='word_1_184' title='bbox 932 4135 1079 4200; x_wconf 86' lang='lat' dir='ltr'><strong>tum</strong></span> <span class='ocrx_word' id='word_1_185' title='bbox 1131 4125 1233 4199; x_wconf 89' lang='lat' dir='ltr'><strong>ita</strong></span> <span class='ocrx_word' id='word_1_186' title='bbox 1268 4124 1882 4222; x_wconf 79' lang='lat' dir='ltr'><strong>&#39;quemadmodum</strong></span> <span class='ocrx_word' id='word_1_187' title='bbox 1936 4124 2126 4198; x_wconf 82' lang='lat' dir='ltr'><strong>alias</strong></span> <span class='ocrx_word' id='word_1_188' title='bbox 2181 4147 2468 4220; x_wconf 87' lang='lat' dir='ltr'><strong>semper</strong></span> <span class='ocrx_word' id='word_1_189' title='bbox 2520 4123 2962 4198; x_wconf 81' lang='lat' dir='ltr'><strong>intellectum</strong></span> <span class='ocrx_word' id='word_1_190' title='bbox 3017 4131 3090 4196; x_wconf 91' lang='lat' dir='ltr'><strong>et</strong></span> <span class='ocrx_word' id='word_1_191' title='bbox 3142 4131 3391 4196; x_wconf 87' lang='lat' dir='ltr'><strong>contra</strong></span> <span class='ocrx_word' id='word_1_192' title='bbox 3443 4123 3630 4197; x_wconf 88' lang='lat' dir='ltr'><strong>alios</strong></span> <span class='ocrx_word' id='word_1_193' title='bbox 3683 4123 3836 4198; x_wconf 91' lang='lat' dir='ltr'><strong>col·</strong></span> 
     </span>
     <span class='ocr_line' id='line_1_26' title="bbox 932 4229 3842 4342; baseline -0.001 -21"><span class='ocrx_word' id='word_1_194' title='bbox 932 4229 1316 4342; x_wconf 80' lang='lat' dir='ltr'><strong>litigantes</strong></span> <span class='ocrx_word' id='word_1_195' title='bbox 1378 4254 1754 4322; x_wconf 87' lang='lat' dir='ltr'><strong>extensum</strong></span> <span class='ocrx_word' id='word_1_196' title='bbox 1821 4246 1993 4339; x_wconf 88' lang='lat' dir='ltr'><strong>fuit,</strong></span> <span class='ocrx_word' id='word_1_197' title='bbox 2069 4247 2452 4320; x_wconf 83' lang='lat' dir='ltr'><strong>etiamnum</strong></span> <span class='ocrx_word' id='word_1_198' title='bbox 2523 4245 2832 4338; x_wconf 83' lang='lat' dir='ltr'><strong>intelligi</strong></span> <span class='ocrx_word' id='word_1_199' title='bbox 2904 4252 2976 4318; x_wconf 84' lang='lat' dir='ltr'><strong>et</strong></span> <span class='ocrx_word' id='word_1_200' title='bbox 3047 4244 3340 4319; x_wconf 83' lang='lat' dir='ltr'><strong>extendi</strong></span> <span class='ocrx_word' id='word_1_201' title='bbox 3409 4269 3498 4318; x_wconf 87' lang='lat' dir='ltr'><strong>ac</strong></span> <span class='ocrx_word' id='word_1_202' title='bbox 3569 4246 3712 4319; x_wconf 88' lang='lat' dir='ltr'><strong>vim</strong></span> <span class='ocrx_word' id='word_1_203' title='bbox 3769 4253 3842 4318; x_wconf 90' lang='lat' dir='ltr'><strong>et</strong></span> 
     </span>
     <span class='ocr_line' id='line_1_27' title="bbox 932 4367 3838 4463; baseline -0.001 -19"><span class='ocrx_word' id='word_1_204' title='bbox 932 4393 1137 4444; x_wconf 87' lang='lat' dir='ltr'><strong>usum</strong></span> <span class='ocrx_word' id='word_1_205' title='bbox 1209 4368 1409 4445; x_wconf 86' lang='lat' dir='ltr'><strong>illius</strong></span> <span class='ocrx_word' id='word_1_206' title='bbox 1480 4369 1854 4444; x_wconf 84' lang='lat' dir='ltr'><strong>observari</strong></span> <span class='ocrx_word' id='word_1_207' title='bbox 1926 4367 2234 4462; x_wconf 86' lang='lat' dir='ltr'><strong>debere,</strong></span> <span class='ocrx_word' id='word_1_208' title='bbox 2311 4375 2636 4442; x_wconf 86' lang='lat' dir='ltr'><strong>neutrum</strong></span> <span class='ocrx_word' id='word_1_209' title='bbox 2692 4367 2974 4440; x_wconf 89' lang='lat' dir='ltr'><strong>scilicet</strong></span> <span class='ocrx_word' id='word_1_210' title='bbox 3043 4367 3633 4463; x_wconf 83' lang='lat' dir='ltr'><strong>collitigantium,</strong></span> <span class='ocrx_word' id='word_1_211' title='bbox 3691 4375 3838 4441; x_wconf 91' lang='lat' dir='ltr'><strong>tam</strong></span> 
     </span>
     <span class='ocr_line' id='line_1_28' title="bbox 930 4489 3835 4589; baseline -0.001 -23"><span class='ocrx_word' id='word_1_212' title='bbox 930 4514 1022 4566; x_wconf 90' lang='lat' dir='ltr'><strong>eo</strong></span> <span class='ocrx_word' id='word_1_213' title='bbox 1074 4499 1429 4589; x_wconf 86' lang='lat' dir='ltr'><strong>respectu,</strong></span> <span class='ocrx_word' id='word_1_214' title='bbox 1484 4514 1574 4565; x_wconf 91' lang='lat' dir='ltr'><strong>ne</strong></span> <span class='ocrx_word' id='word_1_215' title='bbox 1630 4489 1773 4566; x_wconf 88' lang='lat' dir='ltr'><strong>duo</strong></span> <span class='ocrx_word' id='word_1_216' title='bbox 1826 4490 2206 4566; x_wconf 84' lang='lat' dir='ltr'><strong>videantur</strong></span> <span class='ocrx_word' id='word_1_217' title='bbox 2257 4490 2332 4563; x_wconf 89' lang='lat' dir='ltr'><strong>in</strong></span> <span class='ocrx_word' id='word_1_218' title='bbox 2387 4512 2531 4564; x_wconf 88' lang='lat' dir='ltr'><strong>uno</strong></span> <span class='ocrx_word' id='word_1_219' title='bbox 2585 4489 3034 4564; x_wconf 82' lang='lat' dir='ltr'><strong>Canonicatu</strong></span> <span class='ocrx_word' id='word_1_220' title='bbox 3079 4498 3151 4563; x_wconf 88' lang='lat' dir='ltr'><strong>et</strong></span> <span class='ocrx_word' id='word_1_221' title='bbox 3189 4491 3604 4587; x_wconf 83' lang='lat' dir='ltr'><strong>praebenda</strong></span> <span class='ocrx_word' id='word_1_222' title='bbox 3657 4489 3835 4564; x_wconf 88' lang='lat' dir='ltr'><strong>resi-</strong></span> 
     </span>
     <span class='ocr_line' id='line_1_29' title="bbox 934 4611 3838 4710; baseline 0 -24"><span class='ocrx_word' id='word_1_223' title='bbox 934 4611 1145 4706; x_wconf 78' lang='lat' dir='ltr'><strong>dere,</strong></span> <span class='ocrx_word' id='word_1_224' title='bbox 1204 4613 1921 4709; x_wconf 84' lang='lat' dir='ltr'><strong>distributionumque</strong></span> <span class='ocrx_word' id='word_1_225' title='bbox 1976 4613 2370 4710; x_wconf 80' lang='lat' dir='ltr'><strong>participes</strong></span> <span class='ocrx_word' id='word_1_226' title='bbox 2425 4635 2632 4705; x_wconf 86' lang='lat' dir='ltr'><strong>esse,</strong></span> <span class='ocrx_word' id='word_1_227' title='bbox 2707 4635 2920 4708; x_wconf 87' lang='lat' dir='ltr'><strong>quam</strong></span> <span class='ocrx_word' id='word_1_228' title='bbox 2977 4613 3192 4686; x_wconf 89' lang='lat' dir='ltr'><strong>etiam</strong></span> <span class='ocrx_word' id='word_1_229' title='bbox 3247 4635 3371 4703; x_wconf 89' lang='lat' dir='ltr'><strong>eo,</strong></span> <span class='ocrx_word' id='word_1_230' title='bbox 3428 4636 3519 4686; x_wconf 91' lang='lat' dir='ltr'><strong>ne</strong></span> <span class='ocrx_word' id='word_1_231' title='bbox 3573 4612 3667 4686; x_wconf 87' lang='lat' dir='ltr'><strong>ad</strong></span> <span class='ocrx_word' id='word_1_232' title='bbox 3723 4635 3838 4686; x_wconf 88' lang='lat' dir='ltr'><strong>se·</strong></span> 
     </span>
     <span class='ocr_line' id='line_1_30' title="bbox 930 4733 3839 4833; baseline 0 -25"><span class='ocrx_word' id='word_1_233' title='bbox 930 4743 1132 4810; x_wconf 82' lang='lat' dir='ltr'><strong>creta</strong></span> <span class='ocrx_word' id='word_1_234' title='bbox 1198 4733 1520 4832; x_wconf 75' lang='lat' dir='ltr'><strong>Capituli</strong></span> <span class='ocrx_word' id='word_1_235' title='bbox 1589 4735 1907 4810; x_wconf 87' lang='lat' dir='ltr'><strong>incertae</strong></span> <span class='ocrx_word' id='word_1_236' title='bbox 1982 4757 2336 4833; x_wconf 84' lang='lat' dir='ltr'><strong>personae</strong></span> <span class='ocrx_word' id='word_1_237' title='bbox 2409 4735 2908 4829; x_wconf 85' lang='lat' dir='ltr'><strong>admittantur,</strong></span> <span class='ocrx_word' id='word_1_238' title='bbox 2991 4733 3086 4808; x_wconf 84' lang='lat' dir='ltr'><strong>ad</strong></span> <span class='ocrx_word' id='word_1_239' title='bbox 3159 4734 3839 4833; x_wconf 88' lang='lat' dir='ltr'><strong>perceptionemque</strong></span> 
     </span>
     <span class='ocr_line' id='line_1_31' title="bbox 934 4856 3840 4956; baseline -0 -25"><span class='ocrx_word' id='word_1_240' title='bbox 934 4856 1515 4933; x_wconf 82' lang='lat' dir='ltr'><strong>distributionum</strong></span> <span class='ocrx_word' id='word_1_241' title='bbox 1567 4857 2082 4932; x_wconf 82' lang='lat' dir='ltr'><strong>admittendum</strong></span> <span class='ocrx_word' id='word_1_242' title='bbox 2141 4879 2308 4932; x_wconf 84' lang='lat' dir='ltr'><strong>esse</strong></span> <span class='ocrx_word' id='word_1_243' title='bbox 2361 4857 2906 4951; x_wconf 86' lang='lat' dir='ltr'><strong>concluserunt,</strong></span> <span class='ocrx_word' id='word_1_244' title='bbox 2961 4867 3039 4932; x_wconf 87' lang='lat' dir='ltr'><strong>et</strong></span> <span class='ocrx_word' id='word_1_245' title='bbox 3090 4858 3396 4956; x_wconf 90' lang='lat' dir='ltr'><strong>proinde</strong></span> <span class='ocrx_word' id='word_1_246' title='bbox 3450 4857 3840 4932; x_wconf 88' lang='lat' dir='ltr'><strong>Dominum</strong></span> 
     </span>
     <span class='ocr_line' id='line_1_32' title="bbox 932 4976 3840 5078; baseline -0 -23"><span class='ocrx_word' id='word_1_247' title='bbox 932 4978 1293 5055; x_wconf 75' lang='lat' dir='ltr'><strong>-Joannem</strong></span> <span class='ocrx_word' id='word_1_248' title='bbox 1364 4980 1768 5056; x_wconf 83' lang='lat' dir='ltr'><strong>Korczbok</strong></span> <span class='ocrx_word' id='word_1_249' title='bbox 1840 5003 2120 5078; x_wconf 77' lang='lat' dir='ltr'><strong>poenae</strong></span> <span class='ocrx_word' id='word_1_250' title='bbox 2193 4976 2451 5054; x_wconf 73' lang='lat' dir='ltr'><strong>statuti</strong></span> <span class='ocrx_word' id='word_1_251' title='bbox 2473 5037 2490 5072; x_wconf 93' lang='lat'><strong>,</strong></span> <span class='ocrx_word' id='word_1_252' title='bbox 2565 4979 2750 5054; x_wconf 89' lang='lat' dir='ltr'><strong>alias</strong></span> <span class='ocrx_word' id='word_1_253' title='bbox 2823 4981 3220 5056; x_wconf 85' lang='lat' dir='ltr'><strong>exclusioni</strong></span> <span class='ocrx_word' id='word_1_254' title='bbox 3275 5007 3321 5056; x_wconf 88' lang='lat' dir='ltr'><strong>a</strong></span> <span class='ocrx_word' id='word_1_255' title='bbox 3375 4978 3715 5078; x_wconf 83' lang='lat' dir='ltr'><strong>Capitulo</strong></span> <span class='ocrx_word' id='word_1_256' title='bbox 3767 4989 3840 5054; x_wconf 87' lang='lat' dir='ltr'><strong>et</strong></span> 
     </span>
     <span class='ocr_line' id='line_1_33' title="bbox 930 5095 3836 5202; baseline 0.001 -25"><span class='ocrx_word' id='word_1_257' title='bbox 930 5095 1453 5188; x_wconf 76' lang='lat' dir='ltr'><strong>refectionibus</strong></span> <span class='ocrx_word' id='word_1_258' title='bbox 1522 5103 1901 5184; x_wconf 85' lang='lat' dir='ltr'><strong>subiacere</strong></span> <span class='ocrx_word' id='word_1_259' title='bbox 1956 5103 2224 5178; x_wconf 81' lang='lat' dir='ltr'><strong>debere</strong></span> <span class='ocrx_word' id='word_1_260' title='bbox 2274 5110 2352 5177; x_wconf 81' lang='lat' dir='ltr'><strong>et</strong></span> <span class='ocrx_word' id='word_1_261' title='bbox 2403 5110 2788 5199; x_wconf 86' lang='lat' dir='ltr'><strong>opportere</strong></span> <span class='ocrx_word' id='word_1_262' title='bbox 2857 5102 3336 5178; x_wconf 78' lang='lat' dir='ltr'><strong>decreverunt</strong></span> <span class='ocrx_word' id='word_1_263' title='bbox 3403 5113 3619 5201; x_wconf 82' lang='lat' dir='ltr'><strong>atque</strong></span> <span class='ocrx_word' id='word_1_264' title='bbox 3675 5128 3836 5202; x_wconf 85' lang='lat' dir='ltr'><strong>pro·</strong></span> 
     </span>
     <span class='ocr_line' id='line_1_34' title="bbox 932 5227 1463 5304; baseline -0.009 0"><span class='ocrx_word' id='word_1_265' title='bbox 932 5227 1463 5304; x_wconf 80' lang='lat' dir='ltr'><strong>nuntiaverunt.</strong></span> 
     </span>
    </p>
   </div>
  </div>
 </body>
</html>
