4055 6364
1557 801 2014 881 ..3-

322 1014 858 1091 Cracovienses
911 1015 1290 1112 percipere
1343 1020 1893 1107 consueverunt,
1952 1012 2202 1088 decem
2254 1011 2547 1087 Marcas
2585 1008 2675 1087 de
2713 1012 2989 1111 Zuppa,
3048 1009 3225 1087 duo·

323 1136 559 1211 decim
635 1136 728 1211 de
799 1137 1059 1212 Mensa
1127 1135 1437 1232 Nostra,
1511 1135 1604 1211 de
1676 1136 1936 1232 quibus
2003 1134 2325 1211 Vicariis
2390 1134 2511 1231 qui
2572 1134 3024 1209 interfuerint
3074 1132 3233 1207 Ma·

321 1260 575 1333 tutinis
645 1259 920 1335 Missae
990 1279 1125 1357 pro
1201 1258 1554 1334 defunctis
1629 1264 1701 1333 et
1771 1256 2047 1333 Missae
2118 1257 2265 1332 diei
2330 1255 2737 1354 Vesperum
2792 1280 2881 1331 ac
2933 1253 3235 1351 Vigiliis

321 1379 785 1477 quotidianas
855 1381 1402 1456 distributiones
1472 1379 1995 1456 Procuratores
2067 1377 2429 1479 Capituli,
2514 1378 2637 1476 qui
2708 1397 2841 1476 pro
2908 1384 3234 1476 tempore

314 1504 586 1577 fuerint
607 1560 624 1595 ,
699 1503 1200 1597 assignabunt.
1273 1500 1702 1599 Quicunque
1756 1524 1931 1577 vero
1984 1500 2175 1577 hanc
2228 1506 2548 1575 nostram
2606 1500 3105 1575 Provisionem
3160 1505 3234 1573 et

318 1624 873 1700 ordinationem
943 1632 1088 1699 tam
1161 1624 1355 1723 piam
1427 1634 1570 1699 tam
1649 1624 2013 1700 salubrem
2084 1622 2469 1698 violaverit
2538 1644 2669 1697 seu
2740 1621 3235 1721 procuraverit

317 1745 600 1835 violari,
656 1747 821 1841 ipso
875 1745 1073 1820 facto
1127 1747 1552 1821 sententiam
1607 1746 2320 1822 Excomunicationis
2368 1744 2689 1819 incurrit.

1695 2075 1848 2176 ΙΙΙ.

1087 2280 1195 2365 ne
1249 2278 1466 2368 novis
1521 2282 1918 2368 canonicis
1971 2280 2445 2385 recipiendis.

527 2494 891 2586 Quoniam
972 2501 1476 2591 transgressor
1556 2492 2099 2572 consuetudinis
2178 2502 2258 2570 ut
2325 2501 2827 2589 transgressor
2896 2494 3087 2591 legis
3156 2502 3233 2571 et

311 2606 651 2714 proditor
703 2624 1142 2693 secretorum
1163 2674 1181 2711 ,
1237 2624 1317 2692 ut
1365 2615 1656 2693 Patriae
1719 2616 2045 2716 proditor
2099 2624 2212 2691 est
2263 2614 2690 2714 puniendus.
2745 2614 2924 2690 Ideo
2978 2617 3256 2713 statui--

309 2762 525 2815 mus:
583 2740 775 2836 quod
835 2738 1153 2815 Praelati
1215 2748 1288 2813 et
1344 2738 1697 2815 Canonici
1752 2748 2044 2815 nostrae
2117 2737 2630 2813 Cracoviensis
2700 2736 3082 2813 Ecclesiae
3134 2737 3227 2813 de

313 2884 507 2936 novo
560 2860 994 2959 recipiendi,
1053 2884 1185 2936 sua
1238 2861 1360 2935 vel
1410 2862 1733 2959 ipsorum
1787 2861 2240 2960 receptione,
2300 2860 2390 2935 de
2443 2858 2923 2936 observandis
2973 2858 3226 2937 lauda·

311 2983 588 3058 bilibus
641 2982 1321 3075 Consuetudinibus,
1396 2980 1714 3059 Secretis
1768 2982 2087 3080 Capituli
2142 2990 2213 3057 et
2266 2979 2610 3075 Statutis,
2685 2978 3225 3059 Sacramentum

311 3104 366 3181 J
373 3105 804 3180 ureiurando
857 3113 1232 3205 praestare
1285 3106 1758 3204 corporaliter
1811 3102 1924 3207 [ac
1981 3104 2073 3179 de
2126 3127 2340 3179 manu
2394 3100 2749 3208 tenendis]
2807 3104 3227 3201 Privilegiis

305 3227 368 3304 J
371 3229 616 3304 uribus
670 3251 757 3302 ac
810 3228 1278 3304 libertatibus
1345 3228 1580 3326 ipsius
1649 3227 2039 3302 Ecclesiae
2106 3236 2177 3300 et
2229 3248 2363 3324 pro
2418 3226 2681 3303 decore
2754 3226 3009 3304 domus
3080 3228 3226 3303 Dei

309 3357 393 3424 et
443 3349 717 3424 eisdem
788 3349 1170 3425 Ecclesiae
1225 3349 1553 3449 cappam
1622 3373 2057 3448 purpuream
2110 3347 2203 3424 ad
2258 3373 2497 3424 minus
2548 3357 2697 3424 tres
2748 3349 3043 3426 Marcas
3092 3371 3223 3424 va·

305 3473 578 3546 lentem
631 3471 822 3545 infra
874 3470 1060 3546 duos
1117 3471 1412 3547 Menses
1465 3471 1680 3568 dare3
1753 3495 1962 3546 unam
2018 3471 2344 3547 Marcam
2396 3494 2821 3567 grossorum
2875 3471 3229 3566 Vicariis,

309 3593 640 3689 duasque
723 3593 908 3668 ollas
989 3594 1139 3678 vini
1220 3594 1420 3669 iuxta
1518 3595 2104 3670 consuetudinem
2188 3594 2488 3670 aliarum
2570 3594 3066 3671 Ecclesiarum
3142 3595 3219 3672 in

307 3717 736 3790 memoriam
793 3715 1228 3812 receptionis
1283 3739 1460 3791 suae
1516 3717 1827 3812 singulis
1879 3716 2251 3792 canonicis
2306 3717 2460 3792 suis
2510 3723 2583 3791 et
2617 3717 3001 3792 Fratribus
3052 3739 3221 3814 pro-

307 3837 570 3935 pinare
625 3845 700 3909 ct
729 3835 823 3910 ad
881 3837 1136 3912 domos
1187 3837 1476 3912 illorum
1532 3840 1814 3914 mittere
1867 3847 2266 3914 teneantur.
2324 3837 2453 3914 Sin
2489 3848 2726 3916 autem
2778 3839 3221 3939 praedictam

308 3957 664 4054 Campam,
739 3965 819 4032 ut
872 3959 1364 4055 praemittitur,
1420 3961 1609 4034 infra
1663 3961 1844 4036 duos
1895 3959 2216 4054 Menses,
2292 3962 2650 4060 quispiam
2721 3983 2863 4035 non
2938 3960 3221 4036 dederit

303 4102 546 4175 neque
599 4080 1087 4173 assignaverit
1157 4082 1477 4155 valorem
1532 4084 1746 4180 pretii
1800 4082 2123 4159 eiusdem
2199 4081 2679 4178 subcustodi,
2734 4091 2997 4159 extunc
3048 4084 3219 4181 ipso

301 4201 508 4276 facto
567 4202 997 4276 sententiam
1059 4201 1844 4279 Excommunicationis
1911 4229 1990 4280 sc
2046 4207 2329 4281 noverit
2394 4206 2884 4302 incursurum,
2958 4206 3053 4283 ab
3108 4229 3215 4300 ea,

303 4323 546 4398 donec
602 4322 865 4396 dictam
923 4322 1248 4420 Cappam
1306 4323 1586 4402 dederit
1636 4326 1927 4401 minime
1982 4327 2493 4403 absolvendus.
2550 4325 2878 4403 Eandem
2932 4349 3219 4424 quoquc

297 4445 609 4520 incurrit
661 4445 1127 4540 sententiam,
1208 4448 1331 4543 qui
1381 4447 1525 4522 iam
1581 4447 1818 4522 datam
1875 4447 2204 4547 Cappam
2278 4449 2658 4526 Ecclesiae
2714 4450 2872 4525 sine
2925 4449 3219 4526 licentia

299 4575 562 4642 nostra
617 4565 921 4662 speciali
973 4567 1301 4666 recipere
1353 4571 1921 4668 praesumpserit
1971 4571 2065 4647 de
2119 4570 2395 4648 eadem.

1703 4883 1856 4984 IV.

1025 5083 1129 5171 De
1184 5087 1535 5190 aradibus
1592 5090 1677 5173 et
1727 5089 1991 5175 stallis
2048 5091 2501 5176 Formarum.

517 5297 701 5375 Cum
754 5299 944 5374 inter
1013 5297 1296 5375 Choros
1353 5300 1796 5396 Angelorum
1851 5261 1924 5378 et
1977 5301 2258 5379 Civium
2334 5299 2821 5401 Supernorum
2889 5323 3032 5398 quo
3087 5301 3215 5375 alii

287 5422 472 5502 aliis
545 5421 944 5499 secundum
1014 5422 1268 5498 merita
1337 5431 1408 5500 et
1477 5423 1718 5499 officia
1797 5426 2319 5523 praeferantur,
2404 5423 2606 5500 Ordo
2678 5432 2751 5499 et
2824 5423 3214 5501 Distinctio
