4055 6364
2037 770 2609 850 —104—

878 988 949 1055 et
984 980 1336 1076 profectui
1374 982 1655 1055 animae
1691 981 1888 1055 illius
1930 980 2242 1056 viderint
2277 982 2639 1081 expedire,
2691 982 3044 1058 haberent
3083 985 3520 1059 facultatem.
3563 982 3790 1073 Quod

872 1102 1157 1197 quidem
1214 1100 1566 1176 Statutum
1623 1103 1937 1176 salutare
1994 1104 2150 1177 sine
2203 1105 2354 1178 ulla
2408 1106 2900 1180 controversia
2955 1129 3176 1204 super
3228 1107 3594 1181 derelictis
3649 1107 3790 1180 bo-

873 1224 987 1298 nis
1042 1224 1133 1297 ab
1188 1226 1528 1298 intestato
1581 1224 1914 1299 Fratrum
1972 1228 2449 1301 membrorum
2505 1228 2844 1301 videlicet
2899 1228 3220 1302 eiusdem
3276 1226 3591 1325 Capituli
3645 1226 3786 1301 hu-

873 1368 1141 1440 cusque
1197 1346 1659 1419 observatum
1715 1347 1995 1437 existit,
2073 1348 2205 1421 sed
2260 1356 2333 1422 et
2385 1349 2475 1423 de
2531 1350 2768 1446 capite
2822 1350 3052 1447 ipsius
3123 1330 3443 1424 eiusdem
3519 1346 3790 1422 statuti

874 1465 1383 1563 dispositione,
1441 1467 1614 1540 licet
1667 1490 1804 1540 uon
1863 1491 2318 1565 expressam,
2373 1471 2794 1567 implicitam
2863 1480 3140 1565 tamen,
3216 1473 3790 1567 quotiescunque

876 1589 1149 1684 aliquot
1220 1587 1899 1663 Reverendissimos
1972 1590 2140 1663 olim
2211 1590 2569 1666 Dominos
2631 1593 3043 1690 Episcopos
3113 1594 3327 1667 huius
3399 1592 3788 1667 Ecclesiae

873 1709 1251 1784 intestatos
1306 1710 1659 1785 decedere
1728 1712 2200 1805 contingerat,
2259 1714 2633 1787 observari
2688 1722 3126 1811 compertum
3181 1723 3330 1810 est3
3388 1714 3577 1810 quod
3631 1736 3786 1786 me·-

872 1833 1101 1906 moria
1154 1842 1403 1907 nostra
1460 1842 1623 1929 post
1678 1832 2056 1907 decessum
2112 1832 2908 1909 Reverendissimorum
2967 1836 3133 1909 olim
3192 1836 3390 1909 Petri
3429 1836 3519 1909 de
3557 1832 3786 1908 Gam-

876 1955 1050 2032 ratis
1122 1954 1680 2051 Archiepiseopi
1736 1953 2217 2047 GruesnensiS,
2289 1964 2360 2029 et
2413 1957 2820 2054 nuperrime
2898 1956 3218 2054 Philippi
3286 1956 3784 2049 Padniewski,

876 2074 1405 2174 Episcoporum
1466 2075 2080 2168 Cracoviensium,
2139 2077 2276 2173 qui.
2317 2078 2514 2152 nulla
2579 2080 3115 2153 testamentaria
3188 2080 3636 2175 ordinatione
3691 2078 3788 2151 de

877 2199 1095 2272 rebus
1152 2198 1303 2272 suis
1357 2199 1587 2292 facta,
1666 2197 2176 2294 decesserunt3
2253 2198 2382 2273 sed
2435 2199 2574 2273 hoc
2626 2200 2863 2297 ipsum
2921 2202 3131 2273 etiam
3187 2207 3352 2299 post
3403 2200 3790 2297 intestatos

876 2317 1291 2417 Episcopos
1360 2320 1435 2392 in
1498 2320 1662 2393 aliis
1735 2318 2295 2393 Cathedralibus
2367 2320 2726 2396 Ecclesiis
2796 2322 3224 2398 Provinciae
3295 2323 3512 2397 huius
3585 2320 3789 2397 Grue-

878 2441 1166 2515 snensis
1222 2439 1557 2537 Capitula
1606 2439 1993 2516 earundem
2049 2439 2547 2516 Ecclesiarum
2595 2443 2794 2517 iuxta
2832 2446 3350 2541 praescriptam
3405 2450 3788 2518 consuetu-

880 2562 1117 2635 dinem
1156 2564 1549 2637 obscrvare
1588 2571 2141 2638 consueverunt.
2197 2563 2468 2637 Verum
2509 2574 2850 2639 caventes
2885 2567 2956 2639 in
3002 2574 3390 2663 posterum,
3447 2589 3538 2638 ne
3577 2586 3790 2661 prae-

879 2684 1311 2758 nominatum
1386 2682 1741 2759 Statutum
1816 2684 2238 2759 Bodzantae
2291 2686 2644 2784 Episcopi
2701 2686 2791 2761 de
2847 2688 3240 2761 minoribus
3295 2686 3794 2761 tantummodo

877 2807 1295 2899 Fratribus,
1369 2807 1727 2881 Praelatis
1792 2807 2072 2881 scilicet
2125 2814 2198 2881 et
2253 2806 2683 2903 Canonicis,
2743 2816 2815 2882 et
2867 2833 3006 2883 non
3064 2809 3155 2883 de
3211 2810 3446 2906 capite
3503 2830 3791 2904 quoque

880 2926 1198 3002 eiusdem
1258 2928 1614 3025 Capituli,
1674 2928 2044 3025 Episcopo
2099 2928 2441 3003 videlicet
2497 2928 3008 3024 Cracoviensi,
3086 2931 3470 3027 disponere
3523 2928 3794 3024 aliquis

880 3048 1130 3122 credat
1180 3058 1251 3123 et
1285 3050 1388 3122 ita
1439 3050 1651 3125 huius
1705 3050 2170 3125 Venerabilis
2227 3049 2547 3149 Capituli
2599 3053 2828 3126 nostri
2883 3076 3103 3151 super
3155 3052 3626 3149 dispositione
3663 3050 3791 3124 de·

880 3169 1288 3245 relictorum
1344 3180 1511 3269 post
1560 3172 1945 3246 intestatos
2000 3172 2412 3269 Episcopos
2463 3174 2535 3246 in
2577 3174 2868 3250 dubium
2925 3198 3268 3249 revocare
3322 3173 3564 3265 vellet,
3621 3172 3794 3248 huic

882 3289 1309 3367 dubitationi
1364 3295 1659 3368 obviare
1716 3297 2066 3386 volentes,
2127 3296 2554 3391 praemoniti
2608 3297 2824 3371 etiam
2881 3297 2969 3370 de
3026 3319 3113 3371 ea
3149 3319 3229 3370 re
3283 3319 3328 3368 a
3379 3295 3792 3389 vigilantis·

884 3413 1065 3490 simo
1111 3423 1183 3489 et
1238 3416 1687 3513 pientissimo
1742 3417 2089 3493 moderno
2145 3416 2486 3492 Antistite
2545 3428 2793 3493 nostro
2847 3419 3482 3494 Reverendissimo
3538 3416 3790 3490 Domi-

884 3559 977 3610 no
1030 3537 1425 3612 Francisco
1482 3537 1919 3631 Krasinski,
1984 3563 2071 3612 ac
2127 3539 2217 3613 de
2274 3562 2633 3615 consensu
2687 3549 2758 3614 et
2812 3543 2947 3615 sub
3001 3540 3504 3614 ratihabitione
3556 3538 3792 3635 ipsius

886 3658 1337 3734 declaramus
1393 3669 1465 3735 et
1518 3661 1898 3736 statuimus
1939 3660 2016 3734 in
2066 3663 2431 3757 praesenti
2483 3661 2828 3757 generali·
2864 3659 3202 3757 Capitulo
3255 3660 3794 3736 Purificationis

884 3779 1156 3854 Beatae
1228 3781 1505 3857 Mariae
1581 3782 1947 3878 VirginiS,
2034 3783 2247 3858 Anno
2319 3783 2658 3856 videlicet
2729 3783 3120 3858 Millesimo
3193 3783 3793 3877 Quingentesimo

886 3898 1436 3999 Septuagesimo
1502 3914 1749 3998 sext0,
1826 3906 2230 3998 celebrato,
2309 3905 2398 3980 dc
2465 3905 2780 3979 unanimi
2851 3912 3100 3979 nostra
3170 3905 3666 3980 Praelatorum
3723 3911 3795 3975 et

886 4021 1411 4100 Canonicorum
1470 4036 1901 4101 memoratae
1960 4027 2473 4102 Cracoviensis
2527 4026 2910 4100 Ecclesiae
2964 4028 3372 4121 voluntate,
3429 4047 3792 4101 consensu

886 4150 959 4216 et
1010 4145 1365 4238 Decreto‚
1423 4159 1887 4223 memoratum
1944 4151 2294 4224 Statutum
2366 4149 2485 4222 vel
2547 4148 2788 4243 potius
2862 4149 3006 4222 vim
3077 4150 3311 4246 ipsius
3381 4146 3644 4221 Statuti
3697 4144 3790 4218 de

890 4265 1541 4342 Reverendissimis
1598 4271 1933 4344 Dominis
2002 4271 2394 4368 Episcopis
2465 4270 2677 4344 huius
2733 4269 3150 4366 Ecclesiae,
3227 4271 3791 4367 quotiescunque

890 4409 1015 4460 eos
1084 4389 1463 4463 intestatos
1536 4391 1888 4465 decedere
1944 4393 2358 4486 contigerit,
2431 4392 2742 4486 intelligi
2797 4392 3059 4468 debere
3133 4393 3345 4468 modo
3420 4400 3656 4464 tamen
3720 4397 3796 4461 et

888 4509 1117 4581 forma
1171 4510 1673 4608 infrascriptis.
1732 4513 2049 4586 Primum
2105 4514 2550 4610 innovamus,
2611 4515 3014 4607 statuimus,
3073 4514 3486 4588 ordinamus
3540 4519 3611 4585 et
3663 4509 3790 4583 de-

891 4631 1268 4706 cernimus:
1327 4634 1515 4728 quod
1576 4634 1641 4707 si
1688 4635 2042 4732 quispiam
2083 4659 2174 4709 ex
2211 4636 2598 4732 Episcopis
2648 4637 2859 4710 huius
2895 4637 3274 4710 Ecclesiae
3311 4633 3530 4736 (quod
3569 4631 3788 4735 absit)

890 4752 1287 4827 decesserit
1337 4755 1741 4848 intestatus,
1791 4755 2228 4830 Venerabile
2268 4756 2676 4853 Capitulum
2715 4781 2857 4831 non
2893 4758 3109 4832 modo
3144 4759 3343 4832 iuxta
3387 4757 3790 4854 praescrip-

890 4881 1033 4947 tum
1074 4871 1455 4949 Sacrorum
1496 4876 1892 4971 Canonum,
1951 4879 2341 4953 novissime
2378 4902 2552 4952 vero
2591 4877 2796 4953 Sacri
2853 4878 3161 4955 Concilii
3215 4881 3646 4973 Tridentini,
3705 4902 3792 4952 ea

892 5002 1153 5070 statuet
1224 4999 1417 5071 circa
1470 5007 1881 5096 proventus
1937 5009 2008 5074 et
2064 5001 2253 5074 bona
2310 5002 2846 5095 ecclesiastica,
2924 5026 3104 5099 quae
3169 5002 3616 5076 indemnitati
3669 5023 3790 5076 eo·

892 5117 1187 5190 rundem
1242 5119 1587 5194 bonorum
1643 5121 2024 5195 Ecclesiae
2073 5131 2145 5196 et
2179 5124 2396 5197 rebus
2449 5124 2666 5196 futuri
2717 5123 3072 5222 Episcopi
3125 5123 3567 5199 consulendo
3623 5145 3790 5196 con-

892 5239 1251 5313 stituenda
1306 5242 1767 5339 videbuntur3
1832 5266 2078 5317 verum
2135 5246 2346 5317 etiam
2401 5269 2520 5319 res
2575 5269 2826 5320 omnes
2878 5247 3202 5340 mobiles,
3261 5247 3793 5342 quomodocun-

893 5384 1031 5456 que
1086 5370 1157 5436 et
1206 5363 1279 5435 in
1336 5362 1877 5461 quibuscunque
1931 5366 2115 5440 locis
2169 5367 2668 5456 consistentes,
2725 5391 2856 5464 per
2907 5370 3014 5444 sic
3065 5377 3418 5445 mortuum
3487 5368 3798 5466 Episco-
