4055 6364
1489 763 2053 839 -121—

311 966 605 1043 ficanda
659 968 1013 1045 rationum
1071 970 1465 1046 Pabianice
1520 971 1882 1067 Regestra
1933 982 2079 1048 tam
2135 979 2635 1070 perceptorum
2657 1029 2675 1066 ,
2734 996 2945 1068 (1110111
3002 995 3221 1070 expo·

313 1091 643 1185 sitorum,
699 1114 836 1165 nec
871 1116 1016 1167 non
1070 1101 1421 1169 testarum
1479 1101 1621 1168 tam
1679 1096 2051 1191 pecuniae,
2109 1119 2321 1192 quam
2376 1095 2886 1170 frumentorum
2923 1118 3010 1168 ac
3049 1117 3223 1191 quo-

313 1236 762 1310 rumcunque
818 1212 1217 1290 debitorum
1273 1223 1730 1308 retentorum,
1788 1239 1972 1313 quae
2009 1218 2083 1291 in
2121 1217 2395 1292 ratione
2442 1240 2573 1313 per
2610 1222 3017 1291 exactorem
3054 1215 3228 1313 poni

315 1342 392 1409 ct
428 1334 911 1411 demonstrari
948 1336 1208 1430 solent,
1261 1346 1331 1411 01
1365 1346 1444 1413 111
1478 1338 1618 1412 1100
1652 1339 2044 1414 Decretum
2101 1335 2406 1414 Suorum
2442 1338 3031 1413 Reverendorum
3071 1338 3223 1413 Do·

311 1456 670 1533 minorum
727 1481 933 1534 suum
987 1460 1330 1533 sortiatur
1381 1460 1699 1534 debitum
1753 1462 2108 1553 effectum,
2166 1460 2258 1534 ad
2316 1462 2949 1556 executionemque
3005 1459 3225 1535 dedu-

313 1588 544 1673 catur,
600 1605 791 1656 anno
845 1582 1211 1679 praesenti
1261 1603 1396 1679 pro
1448 1581 1673 1656 Festo
1730 1579 1804 1656 S.
1853 1582 2175 1657 Mathaei
2228 1581 2566 1681 Apostoli
2604 1590 2677 1657 ct
2710 1582 3227 1677 Evangelistae

316 1700 396 1776 in
431 1710 773 1778 autumno
810 1704 1136 1802 proxime
1171 1705 1431 1799 futur0,
1488 1704 1582 1779 ad
1619 1706 2020 1803 praemissa
2061 1706 2301 1780 omnia
2335 1704 2670 1780 facienda
2720 1703 3226 1779 Reverendum

317 1824 709 1899 Dominum
763 1825 1067 1900 Paulum
1128 1825 1494 1900 Dcmbski
1555 1826 1997 1902 Canonicum
2071 1825 2627 1903 Cracoviensem
2684 1826 3225 1923 deputaverunt,

319 1944 696 2043 eidemque
749 1947 1094 2023 articulos
1147 1948 1242 2021 ad
1295 1948 1762 2045 inquirendos
1821 1971 2039 2047 super
2095 1948 2366 2024 eisdem
2423 1948 2986 2025 conscribendos
3040 1957 3111 2022 et
3152 1947 3225 2021 in

317 2068 614 2167 scriptis
667 2071 804 2145 sub
856 2070 1236 2167 capitulari
1288 2070 1534 2166 sigillo
1590 2069 1869 2145 dandos
1921 2049 2463 2146 mandaverunt.

1528 2382 2035 2485 CXXXIX.

319 2588 587 2671 Uarca
651 2591 1093 2693 capitularis
1149 2594 1217 2674 in
1274 2594 1572 2693 neuntio
1641 2570 1953 2694 capituli
2022 2590 2428 2693 neputatis
2492 2589 2758 2672 danda.
2825 2590 3035 2674 Anno
3092 2591 3229 2674 Do-

1038 2714 1198 2796 mini
1255 2715 1469 2797 1582.
1528 2714 1657 2795 Die
1713 2713 1963 2796 Lunae
2019 2715 2071 2796 5
2130 2714 2529 2796 Februarii.

531 2922 1018 3020 Posteaquam
1057 2925 1148 3000 110
1173 2924 1456 3021 ,Μο100,
1515 2948 1728 3021 (1110111
1765 2933 2031 2999 vocant
2083 2925 2521 3023 capitularis,
2572 2947 2756 3021 quae
2792 2924 2897 2998 uti
2935 2932 3007 2999 et
3040 2924 3230 2999 aliae

317 3044 872 3121 distributiones
927 3049 1596 3145 supererogatoriae
1653 3071 1742 3120 ex
1799 3047 2092 3143 antiqua
2132 3046 2672 3139 consuetudine,
2730 3055 2875 3121 tum
2933 3070 3023 3121 ex
3074 3047 3227 3120 De-

315 3174 526 3242 01010
579 3168 959 3266 capitulari
1008 3168 1222 3246 Anno
1287 3166 1484 3245 1569
1542 3171 1660 3246 die
1716 3168 1805 3245 11
1868 3170 2255 3246 Februarii
2309 3170 2481 3265 lato,
2539 3169 2689 3244 illis
2742 3168 3228 3245 tantummodo

311 3289 684 3384 Dominis,
741 3291 864 3387 qui
915 3292 987 3364 in
1044 3292 1369 3387 generali
1423 3289 1759 3390 Capitulo
1814 3294 2088 3386 locum,
2146 3315 2711 3389 consessumque
2766 3292 3230 3390 capitularem

313 3411 634 3505 ingredi,
675 3414 1122 3510 consiliaque
1160 3438 1290 3489 sua
1327 3438 1548 3513 super
1581 3417 2117 3510 emergentibus
2154 3416 2537 3490 Ecclesiae
2579 3415 2892 3509 negotiis
2926 3415 2999 3487 in
3038 3435 3231 3486 com·

317 3555 540 3608 mune
577 3536 905 3610 conferre
945 3537 1201 3630 solent,
1243 3535 1419 3627 dari,
1471 3536 1946 3634 distribuique
1985 3538 2201 3611 solita
2255 3547 2429 3633 erat,
2487 3539 2843 3612 contentio
2883 3533 3229 3632 quaedam

313 3657 514 3730 inter
563 3658 948 3733 nonnullos
1001 3658 1376 3748 Dominos‚
1435 3659 2010 3756 disceptatioqne
2064 3668 2221 3734 orta
2269 3661 2549 3751 fuisset,
2610 3658 3231 3757 expostulantibus

321 3777 758 3872 quibusdam
813 3803 904 3854 ex
957 3781 1294 3855 Dominis
1349 3778 1892 3877 Capitularibus
1963 3805 2211 3878 parum
2270 3805 2574 3877 acquum
2638 3780 2907 3873 videri,
2979 3779 3228 3854 Domi·

320 3921 500 3991 nos,
563 3903 684 3997 qui
743 3903 1164 3999 plerumque
1219 3902 1354 3977 sub
1409 3901 1768 3999 Capitulis
1828 3905 2295 3998 generalibus
2346 3904 2418 3977 in
2472 3903 2820 3997 gravibus
2882 3926 2969 3975 ac
3022 3923 3229 3999 prae-

321 4024 718 4117 gnantibus
790 4024 1168 4100 Ecclesiae
1226 4032 1296 4098 et
1349 4023 1668 4124 Capituli
1722 4025 2035 4119 negotiis
2090 4024 2417 4122 deputari
2469 4033 2541 4098 ct
2592 4022 2919 4118 ablegari
2972 4021 3228 4116 solent,

323 4151 404 4217 et
435 4145 512 4217 in
545 4145 922 4222 itineribus
958 4147 1144 4220 ultra
1182 4150 1420 4222 varias
1466 4147 1650 4222 alias
1694 4148 2090 4240 molestias,
2139 4147 2449 4221 maiores
2490 4153 2817 4242 sumptus
2854 4153 2925 4220 ct
2956 4145 3230 4241 impen-

327 4289 498 4360 808,
567 4268 802 4364 frigus
874 4270 1090 4344 etiam
1143 4277 1267 4344 aut
1330 4277 1604 4345 aestum
1663 4270 1841 4344 solis
1894 4293 1982 4343 ac
2034 4270 2389 4364 inediam,
2467 4269 2571 4342 uti
2624 4291 2845 4366 saepe
2908 4267 3229 4362 contigit,

327 4390 652 4485 perferre
709 4399 781 4466 et
833 4393 1188 4468 sustinere
1245 4400 1619 4486 coguntur,
1687 4393 1781 4466 ab
1836 4391 2189 4467 eiusmodi
2242 4391 2493 4466 Marca
2546 4390 2872 4483 excludi,
2932 4413 3062 4466 seu
3114 4413 3231 4462 ea·

325 4509 496 4584 dem
547 4523 844 4611 propter
911 4516 1126 4589 talem
1198 4516 1595 4590 absentiam
1651 4539 1696 4588 a
1749 4512 2089 4613 Capitulo
2165 4514 2407 4608 aliquo
2461 4513 2676 4588 modo
2739 4509 3033 4587 eosdem
3087 4510 3232 4608 pri-

325 4633 510 4727 vari,
565 4635 748 4710 alias
801 4638 1366 4734 protestantibus
1402 4661 1482 4711 80
1521 4638 1611 4712 110
1650 4645 1938 4711 caetero
1976 4635 2071 4708 ad
2110 4635 2524 4710 subeundas
2569 4633 2977 4709 huiusmodi
3014 4633 3233 4729 depu-

325 4755 642 4831 tationes
687 4758 1131 4834 difficiliores
1184 4760 1502 4852 futuros3
1560 4761 1802 4854 itaque
1848 4757 2261 4832 Reverendi
2298 4759 2593 4833 Domini
2625 4758 2700 4831 in
2736 4757 2876 4832 1100
2911 4755 3236 4851 generali

328 4873 672 4976 Capitulo
725 4882 1184 4977 congregati,
1242 4880 1507 4956 auditis
1561 4880 1917 4956 eiusmodi
1971 4879 2445 4955 Dominorum
2502 4877 2958 4954 Confratrum
3012 4899 3233 4975 expo-

327 4999 859 5092 stulationibus,
917 5004 1454 5099 rationibusque
1499 5005 1590 5077 iis
1627 5005 1954 5100 permoti,
2011 5003 2345 5077 volentes
2396 5003 2471 5076 in
2509 5009 2875 5100 posterum
2930 4999 3233 5075 Confra-

323 5130 494 5199 trcs·
535 5145 710 5199 suos
763 5125 853 5199 ad
908 5124 1240 5200 obeunda
1295 5126 1736 5220 emergentia
1787 5126 2083 5220 negotia
2155 5125 2537 5200 Ecclesiae
2592 5131 2663 5198 et
2711 5123 3051 5221 Capituli,
3109 5120 3233 5196 de-

317 5247 882 5346 putationesque
933 5245 1439 5344 acceptandas,
1497 5247 1805 5321 reddere
1841 5247 2320 5344 promptiores
2358 5254 2430 5320 et
2465 5245 2880 5336 alacriores,
2937 5244 3031 5319 ad
3072 5266 3233 5318 cum

317 5367 622 5446 modum
679 5369 1066 5445 Decretum
1112 5392 1317 5445 suum
1357 5369 1692 5468 superius
1743 5370 2184 5445 nominatum
2208 5425 2226 5462 ,
2283 5368 2521 5466 quoad
2574 5367 2898 5442 Marcam
2953 5367 3231 5463 capitu-

2825 5484 2910 5551 16
