4055 6364
1414 724 1934 806 ...83-

256 938 385 1011 bile
434 946 713 1036 tempus
777 940 851 1013 in
909 934 1177 1015 Schola
1228 940 1367 1016 hac
1422 942 1778 1017 castrensi
1834 948 2360 1017 commorantes
2413 950 2485 1017 et
2541 942 2922 1019 Ecclesiae
2976 938 3136 1016 dili-

256 1062 521 1155 gentius
574 1062 991 1157 servientes,
1047 1061 1509 1139 laudabiliter
1563 1086 1729 1140 sese
1784 1072 2334 1163 conservarunt3
2389 1064 2864 1141 Vexilliferos
2924 1064 3138 1141 etiam

258 1190 319 1257 et
362 1182 545 1257 alios
592 1182 895 1258 iuvenes
946 1182 1314 1261 studiosos
1364 1185 1441 1259 in
1494 1182 1767 1262 Schola
1828 1186 2184 1263 castrensi
2253 1194 2818 1277 commorantes,
2891 1187 3137 1263 litera·

256 1312 391 1398 tos,
444 1302 839 1396 modestos,
896 1307 1349 1403 exemplares
1400 1317 1477 1383 et
1526 1307 1620 1383 ad
1676 1305 1944 1385 Sacros
2000 1306 2318 1385 Ordines
2369 1309 2778 1407 aspirantes
2801 1366 2820 1404 ,
2873 1308 3142 1387 talibus
3239 1312 3244 1317 ’

254 1426 475 1523 itaque
510 1434 583 1501 et
616 1449 759 1502 non
796 1428 963 1503 aliis
1014 1427 1371 1523 gradatim
1427 1438 1499 1505 et
1544 1429 1984 1526 successive,
2040 1430 2228 1507 alias
2281 1454 2414 1529 per
2463 1454 2869 1525 ascensum,
2925 1439 3142 1530 prout

256 1572 434 1624 more
484 1549 711 1625 veteri
764 1552 1221 1626 observatum
1261 1551 1418 1644 fuit,
1476 1553 1829 1628 eiusmodi
1867 1552 2220 1628 beneficia
2273 1552 2653 1629 Ecclesiae
2701 1551 3142 1629 conferenda

254 1670 524 1745 Domini
552 1672 1071 1768 decreverunt,
1126 1674 1231 1748 ita
1266 1681 1525 1769 tamen,
1573 1680 1651 1750 ut
1687 1675 1992 1772 quisque
2040 1675 2281 1751 taliter
2319 1674 2680 1773 provisus,
2737 1675 3142 1753 cautionem

257 1792 737 1887 obligatoriam
791 1794 883 1869 de
936 1817 1066 1894 per
1120 1818 1200 1871 se
1252 1794 1642 1872 residendo
1696 1804 1769 1873 et
1818 1797 1893 1873 in
1946 1796 2290 1873 Ecclesia
2341 1798 2485 1873 Dei
2537 1796 2976 1893 laborando,
3029 1796 3140 1871 fa-

256 1938 407 1990 cere
454 1915 547 1991 sit
596 1916 1009 1993 adstrictus.
1101 1916 1445 2015 Alioquin
1501 1943 1631 2017 per
1684 1927 2035 1995 semestre
2097 1928 2382 2018 tempus
2434 1942 2600 1996 sese
2654 1920 2749 1995 ab
2801 1918 3141 1995 Ecclesia

256 2036 642 2133 absentans,
698 2040 863 2138 ipso
915 2041 1111 2114 facto
1158 2041 1485 2139 privatus
1540 2042 1803 2117 existat
1853 2042 2272 2142 provisione
2309 2042 2683 2137 eiusmodi,
2737 2041 2936 2117 nullo
2970 2062 3139 2139 pro·

256 2183 451 2237 cessu
517 2161 833 2259 desuper
904 2162 1328 2259 observato,
1405 2164 1589 2239 alter
1650 2164 1773 2260 qui
1825 2163 2131 2239 idoneus
2183 2164 2437 2258 fuerit,
2505 2164 2582 2239 in
2635 2164 2872 2239 locum
2941 2164 3144 2241 illius

256 2282 799 2361 constituendus.
893 2283 1104 2375 Quod
1179 2285 1469 2382 quidem
1536 2282 1892 2364 Statutum
1963 2308 2314 2385 praesens
2383 2294 2464 2363 ut
2527 2286 2604 2361 in
2658 2284 2904 2363 debita
2971 2308 3139 2363 exe-

256 2408 519 2483 cutione
554 2417 1045 2501 conservetur,
1086 2407 1563 2485 decreverunt
1596 2409 1891 2486 Domini
1926 2408 2372 2487 Reverendi:
2410 2416 2490 2487 ut
2524 2408 2886 2485 Dominus
2918 2408 3140 2485 Prae-

254 2528 485 2607 sidens
534 2530 854 2630 Capituli
898 2532 975 2606 in
1012 2531 1513 2608 concludendo
1568 2554 1711 2607 non
1763 2532 2036 2630 plures,
2093 2530 2223 2607 sed
2282 2531 2612 2608 saniores
2664 2529 3140 2608 Dominornm

256 2654 671 2747 sententias,
758 2654 901 2729 hoc
982 2662 1096 2729 est
1166 2678 1349 2751 quae
1434 2678 1570 2753 pro
1649 2656 2017 2754 praesenti
2099 2651 2382 2730 Statuto
2451 2662 2526 2729 et
2595 2675 2732 2753 pro
2801 2652 3140 2729 Ministro

254 2772 615 2851 Ecclesiae
685 2775 1135 2874 providendo
1206 2776 1512 2871 facient,
1588 2778 1837 2874 sequi,
1910 2777 2064 2853 illis
2129 2774 2530 2853 adhaerere
2582 2782 2656 2853 et
2705 2775 2906 2851 iuxta
2973 2774 3144 2851 illas

258 2896 667 2975 concludere
720 2897 983 2975 debeat
1034 2908 1107 2976 et
1158 2907 1503 2978 teneatur.

1526 3211 1841 3314 XCIX.

258 3417 351 3503 ue
386 3420 909 3523 ωσι-0981101111
946 3419 1506 3504 vindemiarum.
1546 3419 1755 3502 Anno
1794 3419 2068 3502 nomint
2105 3418 2491 3503 millesimo
2532 3417 3140 3522 nuinnsntesimo

808 3541 1428 3644 auinquaflesimo
1482 3542 1827 3644 septimo.
1884 3541 2013 3624 Dte
2068 3543 2174 3625 27
2226 3541 2570 3644 Αιωιιεῒί.

442 3754 725 3830 Placuit
774 3753 1227 3830 Reverendis
1276 3753 1615 3829 Dominis
1666 3777 1759 3828 ex
1814 3775 1924 3847 eo,
1982 3753 2172 3850 quod
2231 3762 2302 3829 et
2349 3751 2607 3829 Annus
2659 3773 3010 3851 praesens
3047 3752 3145 3830 sit

253 3875 777 3975 intempestivus
814 3882 887 3951 et
920 3875 1135 3950 nimis
1170 3897 1459 3968 saevus,
1516 3882 1591 3950 et
1635 3875 1805 3972 quia
1860 3875 2075 3951 etiam
2129 3874 2424 3951 Domini
2467 3875 2563 3950 ab
2595 3875 2803 3950 initio
2857 3873 3140 3952 Mensis

254 3995 304 4071 J
304 3998 458 4091 ulii,
527 4022 670 4096 quo
721 4006 1043 4096 tempore
1113 3997 1390 4072 ratione
1442 3995 1985 4073 Vindemiarum
2057 3997 2352 4073 licentia
2401 3997 2495 4072 ab
2548 3996 2888 4073 Ecclesia
2967 4019 3140 4076 oon-

256 4119 403 4196 cedi
450 4125 653 4216 solet,
708 4120 1111 4197 rationibus
1164 4112 1633 4218 proventuum
1688 4143 1979 4196 suorum
2036 4121 2369 4218 occupati
2419 4121 2708 4195 fuerunt
2727 4175 2748 4214 ‚
2801 4118 3139 4196 licentiae

256 4245 586 4320 eiusmodi
638 4243 1179 4320 Vindemiarum
1250 4244 1791 4341 prorogativam
1842 4243 2034 4318 hanc
2085 4241 2182 4317 ad
2231 4241 2535 4320 Festum
2585 4239 2901 4320 Sanctae
2956 4240 3136 4320 Oru-

258 4367 355 4441 cis
386 4367 859 4444 Exaltationis
911 4389 1335 4464 prorogare.
1391 4366 1557 4457 Qua
1610 4364 1898 4463 quidem
1952 4387 2202 4440 omnes
2256 4363 2614 4440 Domino's
2666 4364 2884 4442 etiam
2939 4365 3142 4441 nulla

256 4490 745 4586 praestimonia
797 4489 1189 4584 habentes,
1246 4490 1542 4564 Domini
1592 4486 2003 4565 Reverendi
2075 4511 2168 4561 ex
2229 4509 2462 4584 aequo
2535 4486 2637 4562 uti
2693 4495 2764 4562 et
2813 4487 3138 4583 gaudere

259 4609 501 4687 debere
561 4613 943 4688 voluerunt
996 4619 1069 4686 et
1120 4613 1662 4706 concluserunt,
1736 4608 2316 4709 quandoquidem
2368 4616 2516 4686 tam
2569 4609 2853 4706 fundis,
2927 4633 3140 4707 quam

259 4733 451 4808 etiam
502 4734 669 4810 aliis
719 4734 1130 4809 introitibus
1199 4734 1782 4810 Praebendarum
1838 4756 2167 4826 suarum,
2249 4755 2436 4829 quae
2491 4733 2703 4809 etiam
2752 4731 3140 4810 Ecclesiae

258 4854 431 4930 bona
478 4879 641 4932 esse
705 4856 1035 4932 dicuntur
1056 4913 1074 4949 ,
1148 4857 1416 4933 caeteri
1486 4855 1780 4931 Domini
1851 4855 2134 4931 interim
2207 4854 2582 4932 intendere
2637 4862 2709 4931 et
2761 4856 3140 4932 consulere

259 4982 609 5056 teneantur
662 4987 735 5056 et
788 4979 1221 5075 obligantur.
