4055 6364
1401 750 1922 829 ...79...„

239 974 450 1041 mutuo
499 971 1045 1059 concesserunt,
1103 986 1191 1039 ea
1245 971 1482 1039 tamen
1536 965 1706 1060 lege
1759 973 1832 1041 et
1885 964 2321 1061 conditione,
2376 976 2454 1042 ut
2508 969 2809 1065 quilibet
2861 964 3112 1041 Domi-

239 1112 492 1183 norum,
573 1090 700 1185 qui
773 1088 1344 1185 quotidianarum
1425 1089 2003 1166 distributionum
2085 1090 2453 1187 particeps
2536 1114 2700 1166 esse
2780 1088 3110 1173 voluerit,

239 1211 464 1287 diebus
522 1212 931 1287 Dominicis
986 1219 1058 1285 et
1107 1212 1354 1287 Festis
1408 1236 1497 1286 ac
1552 1212 1808 1287 diebus
1882 1211 2424 1311 Capitularibus
2476 1214 2595 1287 hic
2646 1214 2722 1287 in
2777 1211 3115 1289 Ecclesia

242 1342 300 1408 et
345 1332 668 1431 Capitulo
727 1358 890 1409 sese
946 1341 1497 1432 repraesentare
1552 1342 1914 1431 teneatur3
1972 1334 2293 1430 alioquin
2345 1334 2489 1409 nisi
2540 1336 2783 1432 aliquo
2839 1333 3111 1408 dierum

240 1457 733 1555 praedictorum
776 1458 897 1532 hic
932 1457 1287 1531 interesse
1341 1458 1720 1551 curaverit,
1778 1465 2039 1532 extunc
2092 1456 2652 1555 procedentibus
2703 1456 3113 1531 immediate

241 1578 462 1655 diebus
511 1580 826 1675 feriatis,
881 1580 1318 1655 refectiones
1391 1578 1744 1656 eiusmodi
1799 1579 2257 1677 quotidianas
2329 1579 2653 1655 amittere
2725 1579 2990 1654 debeat
3044 1585 3117 1651 et

239 1702 480 1779 amittet
527 1704 695 1800 ipso
748 1704 966 1777 facto.
1025 1702 1638 1779 Praesumendum
1693 1702 1880 1777 enim
1938 1708 2070 1793 est,
2127 1702 2341 1777 talem
2401 1703 2790 1799 quemlibet
2842 1725 2987 1776 non
3037 1703 3113 1777 in

241 1824 420 1901 bonis
471 1824 1010 1923 Capitularibus
1065 1833 1138 1899 et
1189 1826 1614 1918 Ecclesiae,
1689 1825 1819 1901 sed
1875 1825 2052 1899 alibi
2114 1825 2383 1901 alicubi
2451 1826 2796 1900 remotius
2867 1848 3113 1899 versa-

241 1953 362 2019 tum
425 1949 646 2023 fuisse
719 1955 790 2021 et
861 1953 1414 2041 commoratum,
1490 1950 1675 2023 tales
1738 1970 1912 2021 vero
1969 1948 2311 2022 absentes
2383 1948 2582 2023 nulla
2652 1947 2927 2022 ratione
2982 1968 3115 2042 pro

239 2069 711 2166 praesentibus
765 2068 1048 2144 censeri
1100 2092 1336 2166 neque
1391 2068 1676 2164 debent,
1734 2092 1966 2166 neque
2020 2077 2349 2167 possunt.

1520 2381 1785 2483 XCV.

241 2590 589 2675 ordinatio
661 2590 1288 2674 hebdomadarum
1359 2592 1701 2691 tempore
1768 2593 2042 2692 pestis.
2117 2593 2324 2676 Anno
2393 2592 2662 2675 Domini
2730 2592 3113 2676 millesimo

341 2714 936 2814 ssuinuentesimo
997 2711 1616 2815 ssuinquauesimo
1673 2715 1944 2814 quinto.
2007 2716 2133 2797 Die
2189 2715 2503 2797 Veneris
2561 2716 2611 2795 2
2667 2713 3009 2816 Augusti.

417 2926 831 3001 Reverendi
883 2924 1180 2999 Domini
1231 2948 1390 2999 cum
1429 2924 2102 3022 animadverterent,
2160 2929 2252 3002 ob
2290 2927 2703 3025 pestiferam
2759 2950 3006 3002 auram
3040 2928 3117 3002 in

237 3045 373 3123 dies
407 3050 634 3143 magis
659 3073 749 3123 ac
781 3047 1016 3142 magis
1051 3047 1172 3122 hic
1211 3044 1634 3139 Oracoviae,
1674 3046 2011 3144 illiusque
2050 3056 2199 3123 tota
2230 3050 2447 3146 plane
2483 3050 2751 3124 vicinia
2782 3050 3109 3125 saevien-

237 3176 378 3262 tem,
417 3172 763 3268 plurimos
800 3169 1273 3246 Dominorum
1311 3169 1572 3244 abesse
1609 3176 1683 3243 et
1717 3168 2015 3268 insuper
2053 3171 2462 3268 complures
2501 3170 2738 3246 adhuc
2772 3172 2844 3246 in
2876 3172 3115 3269 proxi-

235 3317 336 3370 mo
359 3293 750 3389 abfutnros,
789 3293 1207 3392 prospicere
1237 3291 1588 3386 volentes,
1631 3316 1720 3366 ne
1749 3292 2089 3368 Ecclesia
2116 3295 2300 3370 haec
2344 3296 2497 3370 suis
2527 3295 2793 3370 debitis
2831 3296 3115 3369 defrau-

237 3415 418 3491 detur
467 3417 858 3513 obsequiis,
916 3439 1100 3488 neve
1161 3415 1449 3489 omnino
1506 3415 1840 3490 Dominis
1894 3415 1984 3492 de
2041 3415 2381 3514 Capitulo
2437 3419 2780 3492 destituta
2832 3425 2957 3492 aut
2993 3417 3116 3491 de-

239 3538 445 3614 solata
494 3545 900 3632 remaneat,
971 3536 1449 3611 decreverunt
1501 3537 1867 3631 suffragiis
1923 3539 2443 3631 concordibus,
2500 3547 2577 3614 ut
2632 3539 2934 3614 durante
2986 3539 3117 3613 hu-

235 3660 517 3736 iusmodi
569 3662 800 3758 pestis
855 3660 1301 3757 suspicione,
1357 3659 1654 3733 Domini
1705 3659 2121 3736 Reverendi
2173 3660 2654 3758 Capitulares,
2712 3661 3119 3757 quicunque

240 3784 412 3858 cirea
461 3783 872 3858 Ecclesiam
927 3790 1350 3880 praesentes
1403 3781 1861 3876 residebunt,
1935 3782 2434 3858 hebdomadas
2489 3806 2741 3858 omnes
2794 3791 2867 3858 et
2918 3783 3120 3856 vices

237 3906 426 3981 etiam
478 3929 729 3981 omnes
783 3906 1256 3980 Dominorum
1311 3904 1735 3998 absentium,
1791 3905 1936 4002 ipsi
1990 3906 2132 3980 soli
2184 3929 2315 4004 per
2368 3928 2449 3980 se
2502 3906 2741 4002 ipsoS‚
2798 3911 2871 3979 et
2922 3905 3121 3979 iuxta

237 4028 530 4104 ordinem
601 4051 806 4104 suum
880 4028 1081 4102 obire
1135 4034 1209 4100 et
1261 4027 1617 4102 sustinere
1689 4051 1776 4102 ao
1831 4029 2167 4126 explere,
2238 4035 2309 4101 ct
2362 4028 2666 4123 quilibet
2717 4027 2793 4100 in
2844 4025 3115 4100 hebdo-

237 4150 424 4232 mada
473 4175 606 4226 sua
657 4172 800 4225 non
857 4151 1169 4248 amplius
1223 4173 1436 4245 quam
1489 4148 1584 4224 ad
1639 4157 1788 4225 tres
1843 4150 2117 4226 Missas
2173 4151 2567 4226 cantandas
2618 4150 2885 4241 teneri,
2954 4173 3108 4224 eas-

237 4270 518 4370 demque
592 4297 720 4371 per
791 4297 874 4348 sc
929 4274 1263 4370 explere,
1337 4273 1656 4368 reliquas
1729 4296 1901 4347 vero
1981 4273 2167 4348 duas
2219 4274 2495 4349 Missas
2568 4294 2699 4370 per
2750 4271 3117 4347 Vicarium

239 4401 384 4468 tnnc
431 4394 1109 4486 hebdomadarium,
1185 4403 1488 4491 quatuor
1538 4395 1823 4489 grossis
1877 4417 1968 4468 ex
2022 4396 2354 4492 portione
2424 4395 2725 4470 Mal-cae
2780 4393 3119 4492 septima-

239 4517 402 4594 nalis
455 4517 982 4612 salal-iandum‚
1039 4518 1420 4592 absolvere
1475 4516 1768 4591 debebit
1821 4524 1892 4591 ct
1945 4519 2326 4593 tenebitur.
2419 4518 2751 4615 Excepto
2805 4516 2997 4612 quod
3052 4517 3119 4590 si

241 4638 457 4734 plures
527 4640 686 4716 dies
755 4640 925 4715 festi
997 4648 1068 4714 et
1139 4639 1467 4716 celebres
1529 4641 1604 4714 in
1661 4641 2064 4738 septimana
2136 4640 2615 4733 occurrerint,
2691 4647 2953 4715 extunc
3026 4639 3117 4714 ad

241 4771 536 4856 quatuor,
607 4765 753 4838 imo
807 4785 981 4838 vero
1035 4761 1128 4838 ad
1182 4762 1496 4859 quinque
1567 4763 1841 4838 Missas
1911 4763 2273 4858 integras,
2349 4764 2551 4840 iuxta
2612 4764 3119 4838 necessitatem

239 4891 302 4956 et
345 4894 630 4984 propter
683 4884 1104 4962 scandalum
1169 4886 1620 4978 evitandum,
1695 4885 1865 4960 talis
1920 4888 2224 4982 quisque
2295 4887 2771 4960 Dominorum
2842 4883 3118 4958 hebdo-

241 5005 576 5085 madarius
629 5008 997 5103 obligatus
1052 5031 1216 5082 esse
1273 5007 1592 5083 debebit.
1653 5007 1798 5098 Qui
1842 5008 2129 5103 quidem
2185 5009 2483 5082 Domini
2534 5005 2947 5082 Reverendi
3000 5004 3119 5080 hic

243 5140 656 5229 praesentes,
715 5155 968 5208 omnes
1022 5131 1566 5207 distributiones
1619 5139 1762 5205 tam
1819 5131 2316 5228 quotidianas,
2374 5153 2586 5226 quam
2642 5151 3119 5226 supereroga-

241 5258 356 5344 tas,
403 5255 705 5330 inclusis
755 5253 1299 5330 Anniversariis
1353 5262 1426 5328 et
1459 5255 1625 5328 aliis
1680 5255 2061 5348 universis,
2124 5276 2252 5351 pro
2307 5275 2504 5328 more
2558 5253 2725 5328 aliis
2780 5251 3117 5348 tempori-

243 5369 360 5452 bus
406 5377 735 5458 distribui
787 5377 1066 5473 solitas,
1119 5377 1266 5474 ipsi
1319 5377 1460 5454 soli
1509 5375 1824 5453 habituri
1877 5386 1950 5452 et
2000 5376 2416 5474 percepturi
2468 5382 2654 5454 suut.
2750 5373 2845 5448 Et
2900 5371 3114 5449 Ordi-
