4055 6364
2095 654 2657 731 -272-

917 864 1108 945 libus,
1158 864 1269 931 aut
1312 865 1429 931 sub
1474 864 1755 948 tempore
1792 862 2040 942 messis,
2093 863 2203 927 aut
2247 861 2420 944 post,
2489 861 2772 928 collectis
2833 862 3140 929 fructibus
3162 912 3180 939 ‚
3247 860 3410 929 mori
3453 861 3802 929 naturaliter

916 969 1018 1035 vel
1064 968 1327 1037 civiliter
1372 968 1723 1054 contigerit,
1792 985 2013 1033 omnes
2061 965 2300 1031 fructus
2346 983 2459 1048 pro
2508 964 2799 1031 defuncto
2845 966 3098 1049 cedunt,
3163 968 3426 1049 excepta
3467 966 3798 1049 quantitate

916 1071 1109 1139 tritici
1152 1074 1217 1140 et
1262 1071 1551 1159 siliginis,
1586 1089 1709 1154 qua
1745 1089 1859 1154 pro
1890 1069 2277 1139 seminandis
2322 1068 2492 1153 agris
2530 1070 2922 1154 hyemalibus
2969 1072 3190 1154 posset
3232 1070 3522 1136 sufficere
3567 1088 3800 1135 succes·

916 1175 1065 1243 sori.
1110 1176 1399 1243 Mortuus
1444 1194 1611 1254 vero,
1644 1175 1968 1243 seminatis
2005 1174 2174 1259 agris
2226 1172 2648 1260 hyemalibus,
2687 1174 2751 1239 in
2788 1174 3010 1258 hyeme
3053 1173 3284 1240 babeat
3321 1192 3540 1239 omnes
3575 1172 3800 1239 fructus

913 1278 978 1345 et
1020 1278 1424 1347 medietatem
1490 1298 1601 1364 pro
1646 1278 1869 1363 hyeme
1916 1278 2364 1345 seminatorum
2387 1326 2404 1356 ,
2473 1277 2627 1343 nihil
2674 1277 3084 1361 percepturus
3130 1278 3208 1343 de
3251 1276 3694 1355 aestivalibus,
3755 1278 3801 1340 si

916 1382 1061 1451 illos
1106 1402 1231 1451 non
1278 1384 1701 1450 seminaverit.
1750 1381 1874 1449 Sed
1919 1400 2034 1449 nec
2079 1380 2428 1449 successori
2475 1380 2556 1446 ad
2602 1379 2879 1447 dandum
2915 1382 3158 1447 semina
3193 1382 3523 1447 aestivalia
3550 1384 3795 1447 tenean-

913 1489 1033 1554 tur.
1077 1487 1152 1552 In
1198 1488 1368 1554 omni
1412 1488 1625 1553 tamen
1672 1504 1823 1552 casu
1870 1484 2177 1551 stramina
2221 1483 2455 1552 debent
2514 1484 2864 1551 successori
2909 1485 3177 1568 relinqui
3223 1486 3490 1571 integre,
3552 1503 3804 1567 quorum

910 1609 1097 1659 usum
1123 1583 1379 1657 habebit
1416 1590 1859 1675 praedecessor
1895 1590 2006 1655 aut
2040 1590 2138 1656 sui
2169 1589 2550 1667 executores,
2592 1589 2658 1655 et
2693 1606 2950 1655 suorum
2984 1589 3440 1655 frumentorum
3475 1590 3798 1673 emptores,

910 1694 1200 1779 quotiens
1246 1695 1310 1762 in
1355 1693 1574 1762 villam
1619 1694 2011 1763 descendunt
2037 1717 2055 1773 ς
2086 1693 2342 1759 foenum
2387 1694 2598 1759 tamen
2647 1693 3073 1772 recollectum,
3139 1693 3251 1757 aut
3293 1694 3656 1761 executores
3701 1693 3800 1758 de·

906 1798 1125 1880 functi,
1174 1802 1283 1865 aut
1324 1799 1773 1882 praedecessor
1818 1798 2244 1879 immediatus,
2296 1816 2417 1881 quo
2463 1798 2791 1881 placuerit,
2858 1797 3196 1880 reducent,
3247 1799 3313 1863 et
3354 1798 3420 1862 in
3467 1816 3618 1863 usus
3663 1816 3800 1864 suos

907 1904 1292 1970 convertent.

906 2074 1377 2159 Questiones
1424 2076 1499 2143 et
1542 2076 1905 2159 querelas
1950 2075 2418 2159 frequentes.
2474 2075 2660 2161 (Stat.
2717 2075 2897 2152 LIV).

1109 2179 1447 2247 Transiens
1510 2180 1588 2246 de
1646 2198 1769 2245 uua
1812 2180 1965 2245 villa
2033 2179 2361 2263 capitulari
2423 2183 2486 2245 in
2534 2180 2721 2246 aliam
2785 2180 2984 2245 libere
3027 2197 3292 2266 granum
3342 2180 3420 2245 de
3464 2178 3646 2264 palea
3689 2195 3788 2241 ex-

903 2302 1159 2351 cussum
1202 2284 1267 2349 in
1315 2284 1601 2361 alteram,
1671 2283 1964 2349 similiter
2008 2286 2072 2349 et
2117 2284 2421 2350 stramina
2466 2284 2706 2350 dudum
2754 2302 3015 2351 excussa
3061 2283 3390 2350 conducet.
3489 2282 3609 2349 Ubi
3655 2298 3792 2347 vero

902 2387 1079 2454 alteri
1126 2387 1443 2467 venderet,
1494 2386 1738 2454 licitum
1782 2388 1902 2453 erit
1946 2386 2317 2467 successori,
2369 2387 2516 2453 dato
2563 2388 2788 2471 pretio,
2839 2387 3050 2454 omnia
3097 2387 3218 2453 sibi
3263 2387 3571 2463 retinere;
3617 2402 3793 2451 recu-

900 2494 1080 2559 sante
1146 2492 1357 2558 autem
1423 2493 1571 2558 dare
1635 2492 1927 2575 pretium,
1999 2492 2076 2557 de
2123 2511 2246 2575 quo
2291 2491 2579 2558 venditor
2641 2493 2706 2557 et
2750 2492 2994 2575 emptor
3051 2492 3494 2573 convenerant,
3561 2491 3790 2573 emptor

900 2596 1156 2682 quidem
1200 2594 1495 2680 disponet
1557 2615 1667 2680 pro
1732 2595 1910 2663 libito
1970 2596 2046 2662 de
2105 2595 2436 2661 frumentis
2503 2596 2569 2661 et
2611 2595 2798 2662 rebus
2879 2595 3143 2679 emptis,
3213 2596 3324 2661 sed
3391 2593 3787 2661 nihilominus

898 2700 1299 2769 medietatem
1346 2703 1717 2766 straminum
1762 2700 2080 2767 tenebitur
2127 2700 2477 2785 relinquere
2523 2700 2893 2767 successori.
3073 2708 3078 2711 ’

898 2873 1145 2957 Frequ
1166 2874 1328 2940 enti
1373 2873 1727 2941 absentia
1770 2875 1844 2940 et
1888 2874 2254 2940 discessu.
2307 2873 2490 2956 (Stat.
2547 2872 2728 2956 LVI).

1104 2976 1411 3045 Obtinens
1433 2977 1645 3045 villam
1669 2976 2262 3062 praestimonialem,
2289 2978 2343 3043 si
2379 2978 2550 3046 extra
2589 2977 2944 3043 Dioecesim
2973 2974 3451 3043 cracoviensem
3487 2976 3590 3043 vel
3622 2992 3784 3041 rece·

899 3080 1021 3160 dit,
1055 3082 1154 3147 vel
1172 3080 1307 3167 agit
1327 3080 1739 3163 domicilium,
1761 3082 1945 3148 alicui
1982 3080 2162 3147 fratri
2200 3078 2634 3147 Concanonico
2671 3080 2842 3146 illius
2873 3081 3378 3165 superioritatem
3423 3078 3780 3155 committat,
3974 3040 3977 3204 Ι

894 3186 967 3252 ut
1008 3185 1074 3252 in
1122 3203 1449 3271 emergens
1494 3186 1701 3271 possit
1743 3187 1975 3253 babere
2010 3185 2092 3252 ad
2140 3205 2283 3252 eum
2328 3205 2670 3253 recursum.

893 3375 1517 3443 Destructionem
1566 3377 1959 3457 silvarum,
2009 3365 2367 3462 gayorum
2415 3379 2488 3442 et
2531 3377 3069 3462 virgultorum.
3119 3373 3304 3463 (Stat.
3356 3375 3578 3455 LVII).

1100 3480 1331 3547 Nullus
1378 3499 1451 3546 ex
1497 3480 1646 3547 villa
1692 3481 2183 3562 praestimoniali
2231 3483 2459 3548 audeat
2503 3483 2582 3548 ad
2632 3501 2908 3565 precem,
2984 3481 3425 3548 necessitatem
3484 3479 3585 3546 vel
3647 3496 3782 3561 pre·

893 3585 1090 3666 tium,
1181 3586 1371 3670 ligna,
1452 3585 1679 3652 robora
1720 3585 1819 3650 vel
1865 3584 2173 3668 virgulta,
2246 3586 2482 3670 absque
2529 3604 2836 3652 consensu
2884 3586 3141 3670 speciali
3188 3584 3486 3668 Capituli,
3536 3585 3777 3657 donare,

893 3689 1327 3774 praeterquam
1392 3707 1504 3772 pro
1552 3688 1927 3754 necessitate
1991 3687 2405 3755 Concanonici
2471 3691 2578 3754 aut
2638 3690 2825 3754 vicini
2889 3690 3314 3756 aedificiorum
3377 3689 3479 3756 vel
3525 3689 3777 3772 sepium,

892 3793 1169 3860 adhibito
1216 3793 1427 3858 tamen
1476 3793 1924 3873 moderamine,
1976 3795 2042 3858 et
2087 3792 2166 3857 ad
2211 3792 2575 3858 facultatem
2623 3793 3159 3878 quantitatemque
3204 3792 3423 3858 relato.

892 3983 998 4051 Ne
1046 3984 1347 4051 domos
1412 3970 1962 4066 capitulares
2008 3983 2364 4068 negligi.
2411 3983 2602 4064 (Stat.
2657 3981 2911 4067 LVIII).

1098 4089 1343 4155 Vacans
1389 4087 1613 4154 domus
1659 4088 1721 4152 in
1768 4086 1984 4170 primis
2032 4085 2218 4153 debet
2260 4087 2488 4167 taxari,
2557 4088 2782 4153 deinde
2848 4087 3090 4172 optanti
3135 4085 3399 4153 conferri
3459 4087 3578 4154 sub
3623 4088 3773 4163 taxa,
3974 3995 3977 4176 ἱ

889 4191 965 4257 de
1012 4209 1137 4274 qua
1182 4191 1341 4257 infra
1388 4209 1619 4256 annum
1668 4190 1968 4258 solvenda
2014 4191 2191 4257 dabit
2235 4211 2308 4257 ex
2353 4190 2641 4275 Capitulo
2687 4190 3108 4270 fideiussores,
3161 4191 3398 4257 nullam
3437 4189 3774 4256 excusatio-

887 4314 1033 4361 nem
1078 4295 1157 4361 de
1202 4295 1501 4361 solvendo
1567 4296 2007 4379 opposituros,
2079 4297 2142 4360 et
2204 4295 2468 4379 pecunia
2534 4296 2735 4360 omnis
2801 4316 2874 4361 ex
2919 4295 3208 4361 domibus
3253 4294 3316 4359 in
3365 4293 3775 4359 anniversaria

886 4399 951 4464 et
994 4416 1118 4464 non
1165 4396 1317 4465 alibi
1363 4398 1550 4492 debe-t
1592 4399 1887 4465 converti.

886 4570 1175 4636 Nullus
1228 4569 1754 4637 praelatorum
1800 4570 1917 4636 vel
1963 4571 2514 4638 Canonicorum
2560 4569 2744 4654 (Stat.
2802 4571 2988 4656 LIX).

1090 4674 1394 4740 Inhabilis
1440 4676 1537 4739 est
1582 4675 1661 4740 ad
1708 4674 2050 4759 petendum
2093 4676 2356 4741 alteram
2405 4674 2681 4755 domum,
2734 4675 2841 4763 qui
2887 4675 3111 4760 prioris
3141 4679 3347 4742 texam
3381 4675 3626 4741 solvere
3672 4693 3773 4740 ne·

883 4777 1092 4864 glexit.

882 4925 1291 5012 Domorum
1334 4935 1883 5020 capitularium
1930 4936 2455 5003 conditionem
2503 4937 2914 5002 meliorem.
2987 4935 3167 5021 (Stat.
3221 4935 3378 5018 LX).

1088 5038 1345 5106 Habeas
1406 5039 1661 5106 domum
1730 5040 2140 5122 capitularem
2201 5040 2436 5107 locabit
2498 5059 2637 5105 eam
2693 5039 3022 5106 discedens
3069 5038 3259 5105 alicui
3304 5040 3468 5106 bono
3516 5039 3770 5118 homini,

884 5141 948 5206 et
990 5141 1526 5209 recommendabit
1587 5142 1773 5209 alicui
1828 5163 1903 5210 ex
1947 5143 2246 5210 fratribus
2311 5145 2420 5210 aut
2464 5144 2750 5224 vicariis,
2818 5145 2889 5210 ut
2933 5144 3218 5209 teneatur
3261 5142 3338 5209 ab
3386 5143 3671 5221 iniuriis,
3721 5143 3777 5207 et

878 5247 1185 5331 purgetur
1229 5246 1460 5332 platea,
1512 5249 1576 5316 et
1622 5247 1959 5316 efferantur
2002 5249 2417 5336 purgamenta
2462 5249 2716 5315 domum
2763 5249 3210 5333 contingentia.

3410 6329 3836 6340 m
3970 5925 3978 6340 Ι
