4055 6364
1505 795 1604 812 .,,,
1708 749 1816 832 ’17
1918 797 2018 813 ,...

295 967 492 1054 &siam
509 981 520 988 '
546 967 638 1040 ad
696 957 941 1041 eorum
1001 958 1268 1042 Officia
1315 961 1756 1064 'peragenda
1815 965 2242 1059 veniebant,
2316 967 2683 1063 quinnimo
2735 965 2846 1042 ter
2892 965 3213 1044 infantie

303 1086 401 1163 ad
436 1088 838 1184 generalia·
865 1081 1204 1187 Capitula
1240 1089 1365 1164 ubi
1400 1089 1874 1186 praegnantia
1911 1096 1983 1164 et
2015 1089 2316 1164 multum
2356 1088 2594 1164 ardua
2634 1089 2941 1185 negotia
2978 1087 3213 1166 eidem

291 1210 694 1285 Ecclesiae
741 1211 1228 1286 incumbentia
1300 1211 1716 1286 necessario
1769 1211 2099 1287 'fuissent
2166 1211 2542 1285 tractanda
2610 1211 2859 1286 venire
2870 1210 2888 1274 .‘
2920 1211 3209 1287 recusa÷

286 1334 547 1425 :bant,·
593 1332 658 1407 si
713 1333 1117 1430 quempiam
1173 1349 1430 1409 eorum·
1497 1333 1909 1408 huiusmodi
1987 1333 2321 1408 villarum
2403 1331 2922 1424 distributione.
2948 1333 3211 1432 portic

286 1453 604 1528 minime.
631 1454 1048 1548 tetigisset,
1123 1445 1422 1553 propter
1472 1455 1666 1555 quod
1720 1455 1956 1531 cultus
2011 1455 2301 1532 divinus
2350 1455 2823 1549 minuebatur,
2854 1509 2862 1519 -
2898 1455 3209 1554 commo*

283 1575 572 1652 ‘ditates
626 1570 702 1651 e't
749 1576 1124 1651 libertates
1193 1577 1574 1654 Ecclesiae
1656 1574 2233 1673 negligebantur,
2306 1601 2397 1652 ac
2464 1578 2697 1652 maius
2748 1577 3091 1671 Altare,
3108 1603 3115 1646 ;
3133 1576 3213 1653 ui:

297 1691 624 1796 saepius,
679 1692 984 1796 turpiter
1018 1701 1362 1775 remansit
1395 1699 1888 1775 inofficiatum.
1946 1697 2230 1790 Quibus
2266 1696 2599 1790 omnibus
2650 1699 2835 1794 Nos,
2857 1754 2861 1761 -
2884 1696 2963 1774 et
2994 1707 3209 1798 prae*

297 1816 528 1894 fatum
585 1818 1019 1918 Capitulum,
1093 1813 1481 1898 salubriter
1535 1822 1830 1898 obviare
1885 1821 2251 1915 volentes,
2309 1819 2381 1896 et
2431 1819 2535 1896 ut'
2562 1821 2819 1897 eadem
2871 1820 3207 1912 Ecclesia

299 1941 819 2018 Craeoviensis
871 1936 1263 2040 praedictis
1317 1945 1688 2042 obsequiis
1737 1939 2027 2018 inantea
2077 1965 2220 2017 non
2252 1944 2665 2035 fraudetur,
2713 1944 2853 2020 sed
2900 1940 2987 2019 'ut
3016 1945 3204 2020 inter

287 2064 665 2138 Basilicas
686 2121 704 2158 ,
779 2064 978 2140 velut
1051 2062 1281 2140 Stella
1352 2067 1697 2142 matutina
1765 2067 1954 2140 inter
2025 2063 2293 2164 sydera
2361 2065 2747 2160 habeatur,
2782 2087 3062 2164 ¹nuper-¹
3077 2065 3087 2074 ’
3118 2062 3209 2141 de

283 2185 519 2261 Anno
571 2186 870 2261 Domini
921 2187 1310 2263 Millesimo
1364 2188 1909 2263 Trecentesimo
1963 2185 2460 2280 Nonagesimo
2514 2187 2729 2262 Nono
2780 2171 3209 2262 adF‘estiim

296 2307 838 2383 Purificationis
892 2307 1200 2384 Sanctae
1270 2309 1547 2386 Mariae
1599 2303 1949 2404 Virginis,
2004 2308 2080 2382 in
2136 2305 2480 2406 Capitulo.
2532 2308 2769 2384 dictae
2821 2303 3205 2400 Ecclesiae

295 2430 733 2504 unanimiter
813 2434 1236 2527 congregati
1259 2489 1276 2522 ,
1362 2435 1549 2508 inter
1619 2443 1947 2507 caeteros
2013 2431 2281 2506 arduos
2362 2439 2747 2506 tractatusss
2780 2429 2876 2506 de
2916 2429 3210 2506 decore

297 2551 542 2625 dictae
597 2559 886 2627 nostrae
928 2553 1307 2629 Ecclesiae
1353 2563 1767 2648 tractantes,
1823 2578 1869 2628 a
1922 2554 2247 2651 praefato
2303 2550 2584 2628 Statuto
2636 2551 3085 2640 recedentes,
3122 2554 3211 2626 ct

295 2673 379 2746 in
443 2672 636 2747 aliud
708 2673 876 2772 plus
947 2676 1236 2750 salubre
1309 2681 1649 2751 statutum
1719 2675 2151 2750 unanimiter
2222 2673 2738 2770 convolantes,
2785 2671 3208 2748 :deliberato

297 2795 544 2869 animo
598 2803 672 2869 et
724 2796 996 2870 salubri
1052 2797 1357 2872 consilio
1411 2797 1834 2894 praehabito
1889 2796 2376 2887 decrevimus,
2436 2802 2508 2870 et
2560 2795 2775 2871 etiam
2829 2803 3207 2894 perpetua>-

295 2916 472 2990 liter
523 2917 920 3008 statuimus,
978 2925 1054 2994 ut
1109 2919 1393 3016 quoties
1447 2929 1520 2993 et
1572 2919 1857 3016 quaudo
1919 2918 2008 2993 de
2056 2927 2342 2992 caetero
2396 2917 2711 3014 aliquam
2764 2918 3011 3002 villam
3040 2915 3208 2992 Ca«-

276 3039 554 3136 pituli,
627 3037 1080 3136 quocunque
1121 3039 1337 3115 modo
1409 3064 1692 3116 vacare·
1744 3040 2167 3136 contigerit,
2230 3039 2447 3137 quod
2507 3063 2638 3137 per
2699 3039 3011 3136 amplius
3036 3061 3206 3114 non

281 3159 523 3236 alicui
593 3161 941 3257 singulari
1013 3161 1350 3238 Praelato
1422 3171 1545 3237 aut
1597 3160 1969 3238 Canonico
2022 3161 2259 3237 dictae
2322 3160 2702 3236 Ecclesiae
2742 3161 3205 3255 conferatur,

301 3283 435 3357 sed
477 3282 571 3357 ad
610 3283 1184 3358 communitatem
1241 3284 1414 3359 dicti
1471 3284 1788 3383 Capituli
1837 3307 1924 3359 eo
1967 3286 2135 3383 ipso
2186 3292 2608 3377 revertatur,
2665 3283 2983 3380 eiusque.
3014 3279 3206 3379 frue-

293 3413 440 3498 tus,
496 3406 769 3481 reditus
823 3415 895 3481 et
950 3416 1366 3505 proventus,
1424 3415 1496 3481 et
1549 3407 1914 3504 quaelibet
1986 3402 2175 3481 aliae
2231 3406 2723 3497 obventiones,
2781 3406 3208 3505 quocunque

264 3528 588 3601 nomine
643 3537 1092 3623 censeantur,
1168 3553 1328 3604 cum
1390 3530 1558 3605 aliis
1612 3531 1822 3605 bonis
1895 3528 2414 3603 communitatis
2460 3532 2598 3626 per
2650 3527 3204 3604 Procuratorem

297 3655 427 3723 aut
461 3649 1003 3745 Procuratores,
1060 3675 1240 3748 quos
1275 3651 1464 3727 idem
1503 3651 1934 3749 Capitulum,
1989 3650 2273 3747 quoties
2312 3659 2385 3724 et
2418 3648 2719 3747 quando
2742 3650 2959 3724 fuerit
2993 3649 3203 3748 opdr'-

295 3778 549 3844 tunum
604 3769 890 3846 duxerit
942 3772 1352 3866 eligendum
1400 3796 1530 3849 seu
1565 3774 1966 3869 eligendos,
2019 3773 2339 3869 antiquis
2394 3780 2633 3847 tamen
2672 3769 2990 3869 Capituli
3024 3768 3203 3845 Pro-

297 3892 755 3967 curatoribus
819 3892 911 3967 ad
965 3894 1417 3971 Thesaurum
1475 3904 1546 3970 et
1595 3895 1982 3971 Fabricam
2005 3952 2024 3989 ,
2082 3902 2155 3969 et
2206 3891 2299 3970 ad
2354 3894 2499 3968 alia
2567 3894 2762 3968 facta
2811 3892 2905 3966 ad
2927 3955 2933 3963 .
2952 3891 3203 3991 ‚dispag-

283 4010 632 4091 lsitionem
691 4014 1010 4113 Capituli
1063 4018 1495 4114 pertinentia
1547 4018 1836 4093 minime
1907 4018 2237 4111 semotis,
2309 4016 2591 4111 integre
2644 4014 3207 4112 recipianturzet

296 4144 644 4232 teneatur,
715 4162 805 4211 ac
869 4138 945 4211 in
1002 4138 1544 4214 distributiones
1615 4138 2073 4236 quotidianas
2144 4160 2276 4237 pro
2348 4136 2644 4212 eiisdem
2706 4135 3207 4227 Praelafis·.et

299 4258 695 4335 Canonicis
740 4268 1279 4354 conseruentur,
1337 4270 1409 4335 et
1459 4261 1646 4337 inter
1696 4260 2085 4357 praelatos·
2116 4262 2191 4333 et
2243 4258 2651 4351 canonicos,
2707 4258 2931 4333 iuxta·
2959 4257 3201 4356 dispo-

301 4384 636 4457 sitionem
689 4381 995 4457 inferius
1046 4390 1495 4478 annotatam,
1568 4406 1701 4480 pro
1756 4391 1834 4458 ut
1885 4406 1968 4458 se
2021 4381 2409 4457 extendere
2450 4380 2809 4477 poterint,-
2863 4382 2936 4455 in
2968 4402 3202 4479 ¹pane,

297 4526 571 4598 grano,
644 4504 853 4598 vinc,
926 4504 1304 4599 carnibus,
1382 4504 1506 4582 aut
1555 4506 1632 4580 in
1685 4505 1960 4602 paratis
2015 4504 2377 4602 pecuniis,
2434 4512 2505 4578 et
2555 4504 2724 4578 aliis
2775 4502 3203 4580 utilitatibus

298 4634 514 4723 prout
547 4625 782 4700 Nobis
808 4632 880 4700 et
909 4624 1160 4701 eidem.
1183 4624 1519 4723 Capitulo
1562 4622 1819 4703 melius
1854 4627 2220 4702 videbitur
2263 4626 2626 4724 expedire,
2666 4624 3198 4702 distribuantur.

295 4766 301 4771 ·
507 4748 776 4824 Forma
827 4748 1064 4823 autem
1121 4748 1699 4849 distributionum
1719 4746 2263 4847 praedictarum
2300 4749 2445 4824 ‘erit
2479 4746 2685 4844 talis,
2728 4744 2953 4845 quam.
2970 4766 3201 4848 aprae-

301 4869 476 4945 dicti
529 4869 1046 4947 Procuratores
1100 4895 1377 4948 summa
1430 4872 1802 4947 attendant
1853 4871 2251 4966 diligentia.
2287 4926 2293 4932 -
2336 4870 2561 4962 ,Quod
2596 4864 2875 4945 'omnis-
2894 4870 3199 4958 Praela-

301 5000 419 5067 tus
470 5002 592 5069 aut
638 4992 1051 5070 Canonicus
1104 5003 1591 5093 praenotatus,
1647 4995 1770 5092 qui
1807 4993 2311 5070 distributione
2364 4992 2670 5068 alicuius
2716 4992 2860 5067 diei
2893 4992 3204 5077 voluerit

300 5096 642 5211 gaudere,
697 5117 941 5192 veniat
991 5117 1084 5191 ad
1131 5117 1703 5209 Processionem,
1761 5118 1898 5191 sub
1952 5137 2379 5213 quacunque
2430 5116 2661 5190 forma
2713 5121 2787 5189 et
2820 5116 2915 5189 ob
2952 5136 3197 5211 quam·

304 5261 581 5334 cunque
636 5262 926 5314 causam
980 5238 1387 5316 huiusmodi
1452 5238 1837 5313 Processio
1890 5238 2019 5312 tali
2072 5238 2189 5312 die
2243 5244 2651 5335 peragetur,
2710 5244 2783 5311 et
2834 5243 2976 5310 stet
3020 5248 3198 5310 con-

305 5358 646 5436 tinuando
681 5368 754 5437 et
789 5358 1149 5438 Summam
1203 5362 1506 5438 Missam
1563 5359 1942 5460 audiendo,
1999 5361 2116 5435 vel
2167 5383 2301 5459 per
2334 5383 2416 5435 se
2462 5366 2764 5457 protunc
2815 5357 2893 5432 iu
2947 5356 3198 5433 eadem

2846 5476 2895 5543 3
