4055 6364
1455 778 1978 881 —89÷-

264 989 429 1085 legii
474 988 870 1064 iuramento
944 1010 1107 1063 sese
1179 1012 1529 1085 purgare,
1596 996 1668 1065 et
1719 991 1980 1065 famam
2037 1012 2125 1063 ac
2178 986 2831 1086 praesumptionem
2899 985 3146 1061 huius-

265 1110 449 1185 modi
496 1111 750 1186 tollere
805 1111 963 1184 sine
1017 1110 1395 1206 quibusvis
1447 1112 2083 1209 prorogationibus
2142 1109 2434 1184 debebit
2486 1115 2558 1184 et
2608 1108 3002 1202 tenebitur,
3058 1130 3147 1183 ac

261 1232 392 1309 hoc
445 1232 630 1307 idem
684 1231 1180 1308 iusiurandum
1232 1241 1644 1330 praestare,
1703 1236 1894 1332 quod
1950 1259 2080 1327 ea,
2140 1256 2324 1329 quae
2380 1231 2448 1307 ei
2502 1231 2945 1325 obiciuntur,
3002 1254 3146 1305 non

263 1355 673 1453 prodiderit,
729 1379 866 1429 nee
920 1355 1250 1451 cuiquam
1305 1356 1940 1432 communicaverit
1993 1356 2263 1429 directe
2317 1353 2436 1427 vel
2489 1351 2879 1451 indirecte3
2953 1376 3145 1427 com-

262 1486 674 1574 purgatores
728 1501 902 1553 vero
955 1478 1192 1552 iurare
1249 1478 1633 1574 debebunt,
1690 1502 1822 1577 pro
1879 1486 2079 1553 certo
2136 1501 2215 1551 se
2270 1474 2587 1567 credere,
2642 1476 2910 1550 nemini
2962 1499 3144 1570 eum,

263 1600 376 1695 qui
423 1597 850 1696 proditionis
904 1606 1018 1674 est
1067 1600 1544 1693 insimulatae,
1603 1599 1972 1697 praedicta
2027 1607 2310 1674 secreta
2359 1597 2728 1673 revelasse
2781 1597 2900 1671 vel
2955 1620 3146 1671 com·
3236 1690 3243 1695 ι

259 1722 650 1796 municasse
708 1720 980 1796 directe
1033 1721 1153 1795 vel
1207 1721 1576 1797 indirecte.
1637 1722 1852 1813 Quod
1902 1723 1966 1797 si
2021 1721 2369 1797 defecerit
2419 1722 2491 1794 iu
2539 1720 2967 1818 purgatione
3017 1720 3147 1795 hu-

259 1843 552 1917 iusmodi
620 1844 1021 1919 mettertius
1077 1840 1318 1943 (aliter
1379 1843 1565 1919 enim
1622 1868 1765 1919 non
1820 1845 2037 1920 debet
2106 1842 2384 1918 admitti
2447 1840 2537 1915 ad
2593 1840 3144 1945 purgationem),

261 1964 462 2039 talem
529 1989 664 2063 pro
736 1966 1067 2040 convicto
1139 1966 1588 2060 habendum,
1664 1976 1738 2042 et
1791 1966 2061 2041 eisdem
2138 1966 2391 2063 poenis
2446 1989 2535 2039 ac
2589 1964 2655 2039 si
2709 1966 3179 2048 sufficienter¹

258 2087 616 2163 convictus
652 2096 870 2182 esset,
929 2088 1304 2163 subiacere
1353 2088 1616 2165 debere
1670 2088 2083 2165 Reverendi
2134 2088 2431 2163 Domini
2484 2086 2975 2184 decreverunt,
3032 2087 3148 2163 cui

257 2209 514 2285 nullum
569 2210 968 2285 subsidium
1020 2211 1495 2308 promotionis
1549 2234 1680 2309 per
1716 2236 1798 2286 se
1835 2211 1953 2286 vel
1990 2212 2392 2285 submissas
2447 2232 2800 2308 personas
2834 2210 2909 2284 in
2947 2210 3145 2284 dein-

258 2354 422 2429 ceps
475 2330 568 2405 ad
619 2333 1208 2430 supranominata
1260 2334 1738 2424 restituendo,
1795 2341 1920 2408 aut
1970 2332 2529 2430 apellationibus
2583 2355 2802 2429 super
2851 2332 2970 2407 his
3023 2331 3146 2406 de-

253 2452 565 2545 ferendo,
622 2478 758 2527 nec
809 2455 997 2531 tales
1050 2456 1456 2552 proditores
1509 2455 1856 2530 celandos
1909 2479 2099 2550 esse,
2158 2457 2293 2530 sub
2347 2454 2620 2529 honore
2665 2462 2737 2528 et
2774 2455 3146 2529 conscien-

255 2574 372 2650 tiis
421 2577 572 2651 suis
625 2575 842 2650 iidem
899 2578 1193 2651 Domini
1247 2584 1493 2653 sancte
1548 2578 2052 2675 promiserunt,
2110 2576 2583 2653 decreverunt
2619 2584 2691 2650 et
2726 2583 3145 2651 statuerunt.

257 2695 454 2786 Quae
505 2697 746 2771 omnia
801 2704 872 2772 et
925 2698 1214 2794 singula
1268 2699 1362 2773 ad
1417 2723 1552 2774 nos
1605 2723 1890 2797 quoque
1945 2700 2338 2775 servitores
2393 2723 2588 2795 suos,
2646 2700 3021 2774 Notarium
3076 2707 3149 2772 et

254 2817 964 2917 Viceprocuratorem
1019 2822 1409 2897 modernos
1463 2831 1536 2897 et
1589 2846 1721 2921 pro
1775 2832 2100 2920 tempore
2162 2823 2482 2916 futuros,
2540 2819 2830 2898 extendi
2885 2820 3149 2896 debere

255 2942 884 3037 pronuntiaverunt
936 2950 1009 3019 et
1061 2945 1586 3019 concluserunt.

1545 3257 1851 3360 CVIII.

251 3459 352 3543 ne
415 3464 864 3565 praesentia
917 3465 984 3546 in
1037 3463 1310 3566 viginis
1366 3466 1448 3546 et
1503 3465 1740 3550 missa
1800 3465 2519 3550 Anniversariorum.
2599 3466 2807 3550 Anno
2874 3466 3145 3552 Domini

1214 3587 1429 3669 1564.
1487 3588 1614 3669 nie
1668 3588 1729 3668 4
1785 3587 2186 3671 Februarii.

451 3795 637 3872 Cum
709 3795 800 3872 de
853 3796 1156 3892 Vigiliis
1227 3805 1300 3873 et
1368 3798 1624 3874 Missis
1687 3800 2266 3875 anniversalibus
2338 3808 2532 3875 mota
2601 3800 2861 3876 fuisset
2929 3824 3144 3897 quae-

245 3917 404 3993 dam
457 3918 530 3993 in
589 3941 940 3995 consessu
989 3919 1460 3996 Dominorum
1527 3922 1998 4015 concertatio,
2075 3945 2383 4020 peccare
2455 3922 2693 3997 solere
2766 3946 2899 4020 per
2969 3944 3144 3997 non-

245 4041 483 4116 nullos
553 4041 912 4117 Dominos
981 4065 1124 4118 non
1197 4043 1655 4120 mediocriter
1728 4052 1975 4120 contra
2046 4042 2487 4120 Statutorum
2552 4051 2623 4118 et
2675 4045 3146 4119 Decretorum

247 4161 766 4261 Capitularium
823 4163 914 4239 de
967 4162 1510 4242 Anniversariis
1577 4169 1927 4243 editorum
2002 4167 2588 4264 dispositionem,
2664 4165 2829 4240 dum
2902 4188 3145 4241 eorum

246 4285 656 4383 complures
709 4285 1224 4380 existimarent,
1281 4289 1461 4363 satis
1515 4289 1656 4363 sibi
1701 4313 1867 4364 esse
1902 4288 1995 4363 ad
2034 4288 2541 4387 percipiendas
2593 4285 3145 4363 Anniversario-

241 4431 398 4483 rum
445 4409 840 4506 portiones,
896 4407 1196 4502 Vigiliis
1231 4412 1722 4488 tantummodo
1771 4413 1861 4486 de
1910 4435 2077 4486 sero
2130 4419 2553 4510 praesentes
2606 4411 2997 4505 interesse3
3054 4409 3146 4484 ad

241 4529 546 4606 Missam
601 4555 777 4606 vero
829 4528 1332 4606 Auniversarii
1384 4534 1633 4608 venire
1686 4556 1828 4608 non
1884 4534 2233 4629 obligari,
2299 4535 2454 4609 sive
2508 4540 2713 4628 ante,
2772 4534 2928 4608 sive
2981 4539 3149 4631 post

243 4653 596 4748 venerint,
653 4651 1036 4728 dummodo
1089 4663 1327 4729 tamen
1375 4656 1468 4729 ad
1505 4655 1916 4732 Ecclesiam
1969 4658 2298 4732 venerint
2333 4666 2405 4732 et
2440 4655 2745 4732 Missam
2800 4679 3147 4730 summam

241 4783 366 4852 aut
401 4775 618 4850 aliam
675 4798 1169 4873 quamcunque
1225 4776 1664 4853 audiverint:
1721 4778 2133 4854 Reverendi
2185 4778 2482 4879 Domini
2535 4801 2847 4854 errorem
2899 4778 3145 4854 huius-

241 4897 442 4974 modi
509 4897 904 4974 tollendum
978 4922 1144 4974 esse
1217 4901 1629 4998 cupientes,
1689 4925 1980 4978 sensum
2055 4900 2494 4978 Statutorum
2550 4908 2621 4977 et
2671 4901 3144 4976 Decretorum

243 5019 626 5096 Ecclesiae
665 5031 1072 5116 sequentes,
1131 5020 1625 5117 decreverunt,
1683 5023 2072 5098 Decretum
2109 5024 2480 5120 generalis
2534 5021 2854 5121 Capituli
2892 5019 2967 5096 S.
3006 5021 3144 5095 Mi-

241 5141 522 5218 chaelis
575 5142 770 5216 Anni
831 5140 1028 5218 1552
1083 5143 1397 5243 desuper
1448 5146 1691 5241 latum,
1749 5145 1839 5221 ad
1901 5171 2215 5242 unguem
2272 5171 2438 5224 esse
2491 5144 3018 5223 observandum
3074 5150 3149 5220 et

243 5265 844 5342 manutenendum
897 5267 1269 5364 perpetuis
1321 5268 1581 5344 futuris
1633 5271 2097 5368 temporibus.

2750 5497 2832 5568 12
