4055 6364
1378 847 1464 858 —
1588 803 1940 878 177-

190 1015 578 1089 sententiis
633 1013 1202 1090 concludendum
1263 1013 1617 1088 duxerunt
1654 1022 1726 1087 et
1761 1015 2297 1087 concluserunt:
2358 1020 2434 1086 ut
2467 1012 2541 1085 iu
2581 1012 2829 1109 primis
2868 1013 3098 1087 Reve—

190 1135 474 1210 rendus
525 1137 882 1211 Dominus
918 1134 1267 1211 Albertus
1305 1133 1774 1234 Szydiowski
1803 1133 2071 1209 Custos
2108 1132 2640 1227 Cracoviensis‚
2696 1156 2870 1232 suus
2924 1133 3103 1208 Pro-

191 1259 493 1333 c'urator
543 1259 944 1353 generalis,
999 1256 1448 1332 Reverendis
1503 1255 1837 1331 Dominis
1903 1255 2273 1331 rescindat
2324 1255 2415 1329 ad
2472 1255 2790 1331 valorem
2853 1254 3104 1332 decem

187 1404 578 1455 aureorum
631 1380 1204 1475 hungaricalium
1259 1387 1543 1454 strenae
1600 1403 1732 1478 pro
1787 1400 1978 1452 anno
2033 1378 2428 1476 praesenti,
2486 1386 2558 1452 et
2608 1378 2683 1452 in
2738 1385 3105 1476 posterum

191 1503 507 1598 quilibet
559 1503 914 1576 Dominus
970 1502 1402 1577 Procurator
1457 1502 1750 1576 cuilibet
1803 1500 2387 1576 Reverendorum
2446 1501 2921 1576 Dominorum-
2954 1501 3104 1575 sin-

192 1624 398 1718 gulis
445 1624 656 1697 annis
706 1624 955 1698 decem
1001 1647 1260 1699 aureos
1298 1623 1806 1720 hungaricales
1853 1621 2027 1697 boni
2062 1647 2150 1698 ac
2186 1623 2342 1698 veri
2376 1621 2719 1721 ponderis
2753 1646 2886 1722 pro
2924 1629 3104 1698 stre·

191 1769 289 1820 na
345 1753 676 1821 numeret
728 1753 800 1820 et
853 1747 1240 1843 persolvat.

1477 1951 1859 2053 CCXIV.

193 2159 687 2244 Confirmatio
743 2163 828 2243 et
881 2163 1224 2245 extensio
1279 2161 1591 2260 statuti,
1651 2161 1735 2242 ut
1787 2160 2051 2243 diebus
2109 2161 2496 2245 Dominicis
2544 2163 2628 2245 et
2664 2161 2917 2246 Festis
2975 2161 3111 2244 Ga-

193 2283 444 2366 nonici
514 2284 1166 2382 Processionibus,
1226 2283 1482 2367 missis
1537 2284 1622 2367 et
1677 2283 2164 2367 concionibus
2228 2284 2372 2367 sub
2427 2303 2671 2408 poena
2733 2284 3109 2370 intersint.

948 2407 1156 2489 Anno
1213 2405 1400 2488 1610.
1461 2406 1588 2487 nie
1644 2404 1989 2489 mercurii
2046 2405 2128 2488 12
2185 2405 2372 2488 maii.

414 2599 826 2673 Reverendi
895 2599 1188 2674 Domini
1262 2598 1670 2697 Capitulum
1727 2601 1992 2675 cultum
2049 2598 2366 2674 divinum
2417 2624 2556 2675 non
2596 2601 2915 2676 minuere
2966 2601 3119 2675 imo

192 2744 481 2816 augere
530 2721 893 2816 volentes,
972 2723 1360 2797 Decretum
1416 2724 1807 2819 antiquitus
1877 2722 1953 2797 in
2012 2723 2341 2818 generali
2412 2721 2748 2821 Capitulo
2819 2721 3137 2826 editum,

192 2843 549 2919 videlicet
610 2843 822 2919 Anno
874 2845 1172 2919 Domini
1235 2842 1456 2939 1543,
1515 2845 1631 2919 die
1677 2845 1768 2918 17
1825 2846 2024 2940 Maii,
2062 2847 2140 2920 in
2174 2853 2324 2921 toto
2363 2845 2768 2920 executioni
2822 2845 3110 2919 deman·

194 2964 523 3040 dandum
576 2965 1112 3058 mandaverunt,
1184 2967 1386 3042 cuius
1439 2975 1646 3041 tenor
1700 2969 2023 3064 sequitur
2076 2976 2150 3043 et
2201 2977 2315 3043 est
2365 2968 2575 3043 talis:
2632 2968 2926 3042 Domini
2980 2968 3109 3042 ob-

195 3089 411 3162 viare
467 3089 794 3163 volentes
865 3087 1552 3164 disordiuationibus
1607 3098 1678 3165 et
1732 3090 2200 3187 negligentiis
2238 3115 2343 3164 -ac
2397 3091 2611 3165 etiam
2681 3090 3111 3185 insolentiis,

197 3234 398 3306 quae
450 3234 584 3308 per
636 3212 1024 3286 nonnullos
1076 3213 1432 3287 Dominos
1484 3214 1556 3286 in
1613 3214 1904 3289 Divinis
1959 3212 2247 3289 Officiis
2299 3215 2374 3287 in
2424 3212 2764 3289 Ecclesia
2817 3214 2956 3288 hac
3006 3213 3116 3286 in-

199 3332 408 3427 signi
481 3355 619 3407 non
689 3333 845 3408 sine
901 3335 1254 3409 dedecore
1311 3342 1383 3409 et
1432 3336 1646 3429 gravi
1713 3334 1986 3411 Christi
2040 3334 2359 3411 fidelium
2425 3335 2769 3411 scandalo
2824 3357 3114 3433 persae-

199 3455 378 3552 pius
431 3456 980 3551 committuntur,
1053 3457 1509 3532 inhaerentes
1565 3454 1864 3532 Statutis
1919 3459 2103 3551 suis,
2180 3458 2432 3551 vigore
2485 3458 2697 3533 huius
2749 3456 3119 3554 generalis

200 3574 534 3673 Capituli
585 3577 1039 3653 concorditer
1091 3580 1564 3654 decreverunt
1615 3579 1997 3655 tenendum
2050 3588 2121 3653 et
2155 3578 2673 3654 inviolabiliter
2724 3582 3115 3655 observan-

201 3698 424 3773 dum:
483 3706 560 3772 ut
597 3698 686 3773 de
743 3708 1029 3774 caetero
1085 3701 1386 3796 quilibet
1438 3701 1818 3777 Praelatus
1868 3709 1940 3777 et
1987 3700 2398 3777 Canonicus
2449 3700 2959 3800 impedimento
3011 3700 3116 3775 le-

198 3820 468 3914 gitimo
523 3842 662 3894 non
717 3822 1127 3919 impeditus,
1185 3824 1377 3897 omni
1422 3821 1539 3897 die
1577 3824 1960 3899 Dominico
2001 3831 2072 3898 et
2105 3823 2330 3899 Festo
2385 3824 2658 3899 celebri
2712 3846 2843 3921 per
2894 3828 3116 3897 totam

201 3940 582 4017 Summam
635 3942 938 4018 Missam
973 3945 1048 4017 in
1086 3946 1226 4018 hac
1277 3944 1616 4019 Ecclesia
1668 3945 1741 4018 in
1788 3946 1951 4020 loco
1990 3953 2062 4020 et
2098 3946 2313 4020 stallo
2368 3967 2501 4020 suo
2556 3944 2917 4039 decenter,
2972 3966 3114 4020 non

200 4063 721 4151 murmurando
783 4089 920 4139 nec
971 4074 1320 4141 tractatus
1372 4067 1658 4161 aliquos
1727 4067 2060 4141 faciendo
2084 4123 2103 4158 ‚
2170 4073 2608 4161 perseveret.
2692 4064 3118 4161 Quicunque

202 4192 454 4260 autem
509 4186 982 4262 Dominorum
1037 4189 1191 4261 sine
1244 4189 1568 4282 legitima
1623 4190 2056 4264 necessitate
2112 4188 2227 4263 die
2281 4188 2665 4263 Dominico
2718 4187 2838 4261 vel
2890 4185 3118 4262 Festo

200 4309 280 4381 in
317 4308 811 4383 Processione
847 4310 968 4383 vel
1003 4310 1236 4384 Missa
1292 4333 1635 4406 praesens
1689 4334 1832 4386 non
1885 4311 2125 4407 fuerit,
2183 4311 2302 4384 vel
2359 4334 2488 4408 per
2540 4317 2761 4384 totam
2813 4309 3118 4385 Missam

201 4453 356 4503 non
401 4427 785 4521 duraverit,
843 4433 962 4505 vel
1007 4433 1218 4506 etiam
1269 4433 1580 4528 aliquam
1619 4434 2125 4507 scandalosam
2170 4431 2625 4506 insolentiam
2661 4430 3118 4525 commiserit,
3236 4436 3241 4439 ’

201 4550 342 4626 illo
403 4550 521 4625 die
573 4552 1092 4628 refectionibus
1145 4554 1264 4628 vel
1319 4554 1757 4651 quotidianis
1810 4554 2434 4630 distributionibus
2503 4578 2634 4653 per
2686 4554 3120 4628 Procurato-

202 4698 368 4749 rem
437 4675 794 4771 puniatur.
891 4656 1232 4750 Similiter
1299 4685 1369 4750 et
1421 4677 1496 4751 in
1549 4676 1849 4772 Vigiliis
1905 4678 1968 4751 si
2023 4678 2337 4772 aliquam
2408 4675 2928 4770 negligentiam
2999 4682 3123 4750 aut

203 4795 678 4895 insolentiam
734 4798 1236 4872 scandalosam
1292 4800 1698 4891 admiserit,
1766 4800 1979 4874 etiam
2033 4800 2107 4873 in
2161 4800 2351 4873 iusta
2413 4807 2618 4898 parte
2673 4799 2792 4872 vel
2842 4798 2921 4871 in
2973 4805 3122 4873 toto

197 4918 344 4993 illo
385 4917 906 4994 Anniversario
961 4920 1197 5017 ipsum
1236 4929 1710 4996 concernente
1766 4922 2120 5019 puniatur.
2179 4919 2384 5011 Quae
2431 4920 2707 5019 punitio
2749 4920 3123 4995 conscien-

205 5039 362 5131 tiae
403 5048 476 5113 et
509 5038 774 5114 iudicio
829 5042 1302 5117 Dominorum
1355 5042 1912 5119 Procuratorum
1964 5042 2219 5118 relicta
2256 5052 2327 5117 et
2362 5044 2769 5118 commissa.
2827 5041 3121 5117 Adden-

207 5169 330 5236 tes
387 5160 687 5259 insuper
755 5164 1058 5238 eandem
1110 5186 1456 5263 poenam,
1534 5188 1676 5263 qua
1727 5166 1966 5264 puniri
2019 5164 2325 5260 debent,
2397 5165 2520 5261 qui
2572 5188 2717 5239 non
2768 5164 3125 5240 intersunt

210 5282 688 5359 Processioni
743 5294 813 5359 et
867 5282 1200 5361 Summae
1253 5286 1530 5362 Missae
1587 5288 1990 5362 Dominicis
2048 5295 2119 5362 et
2172 5287 2417 5362 Festis
2471 5286 2767 5379 diebus,
2833 5286 3124 5362 extendi

213 5406 496 5482 debere
546 5408 640 5482 ad
695 5431 844 5503 eos,
900 5412 1023 5506 qui
1077 5409 1427 5485 Concioni
1480 5410 1736 5486 iisdem
1792 5410 2051 5485 diebus
2104 5432 2246 5485 non
2300 5409 2773 5484 interfuerint.

2726 5528 2817 5599 23
