4055 6364
2134 749 2708 829 -136-

964 962 1221 1038 tollere
1275 962 1695 1038 differentiis
1717 1020 1733 1051 ‚
1810 986 2103 1039 censum
2168 963 2358 1039 hunc
2410 986 2554 1039 non
2607 970 2880 1039 tantum
2935 961 3024 1038 de
3077 961 3342 1038 tributo
3415 962 3877 1060 pecuniario,

965 1083 1094 1159 sed
1149 1085 1359 1159 etiam
1416 1084 1507 1161 de
1563 1087 1892 1162 omnibus
1937 1093 2009 1161 et
2062 1087 2370 1182 singulis
2423 1086 2588 1161 aliis
2642 1085 2897 1181 datiis,
2952 1093 3199 1184 utpote
3253 1085 3677 1183 caponibus,
3736 1109 3880 1181 ag·

962 1207 1216 1303 nellis,
1273 1208 1433 1283 ovis
1487 1232 1573 1283 ac
1628 1232 1860 1283 avena
1928 1208 2305 1283 tributaria
2359 1216 2432 1283 et
2484 1208 3026 1306 quibuscunque
3099 1208 3265 1283 aliis
3338 1209 3877 1303 emolumentis,

963 1353 1145 1425 quae
1201 1353 1332 1428 pro
1386 1354 1809 1427 quocunque
1862 1331 2032 1405 anni
2087 1339 2406 1427 tempore
2474 1330 2744 1405 subditi
2799 1330 3174 1405 extradere
3244 1339 3596 1428 tenentur,
3651 1332 3880 1405 intel·
3993 1385 4013 1411 .

962 1452 1097 1547 ligi
1152 1452 1415 1527 debere
1468 1454 1923 1528 unanimibus
1970 1453 2122 1528 suis
2169 1454 2542 1527 sententiis
2598 1453 3090 1545 decreverunt,
3149 1461 3549 1529 statuerunt
3582 1461 3657 1529 et
3691 1476 3879 1528 con-

962 1574 1348 1668 cluserunt,
1403 1574 1480 1649 in
1514 1576 1967 1672 futurumque
2014 1576 2457 1673 temporibus
2503 1576 2872 1674 perpetuis
2925 1576 3309 1650 tenendum
3361 1584 3433 1650 et
3468 1578 3878 1651 observan-

964 1696 1130 1772 dum
1168 1697 1569 1792 voluerunt,
1628 1697 1818 1793 quod
1874 1722 2157 1773 exnunc
2209 1699 2284 1771 iu
2339 1699 2833 1774 executionem
2889 1696 3200 1773 debitam
3258 1706 3632 1796 ponentes,
3691 1722 3876 1772 cen-

962 1842 1119 1893 sum
1175 1842 1455 1893 omnem
1526 1827 1675 1893 tam
1742 1820 2190 1917 pecunialem
2265 1818 2474 1916 quam
2546 1842 2941 1917 caponum,
3013 1844 3288 1895 avenae
3343 1828 3480 1895 etc.
3539 1844 3632 1894 ex
3683 1820 3880 1895 villa

959 1942 1527 2038 praestimoniali
1582 1938 1874 2016 Groscza
1928 1943 2498 2039 provenientem,
2556 1942 2984 2018 Reverendo
3040 1943 3354 2017 Domino
3413 1942 3658 2018 Lucae
3717 1942 3874 2016 Po-

961 2065 1180 2139 doski
1252 2064 1619 2140 Canonico
1698 2060 2204 2158 Oracoviensi,
2279 2066 2402 2161 qui
2455 2064 2897 2162 praedictam
2971 2066 3216 2139 villam
3251 2064 3630 2138 -maiorem
3689 2066 3881 2138 anni

960 2195 1237 2286 partem
1290 2190 1595 2283 regebat
1641 2196 1711 2262 et
1746 2187 2187 2284 possidebat,
2244 2186 2745 2264 adiudicarunt
2795 2188 3108 2262 totaliter
3159 2195 3230 2261 et
3264 2188 3546 2281 integre
3598 2186 3875 2261 tollen-

960 2310 1126 2385 dum
1182 2317 1395 2406 atque
1448 2310 2027 2409 percipiendum,
2104 2332 2373 2406 eosque
2427 2332 2677 2384 omnes
2732 2333 2995 2385 census
3049 2310 3207 2384 sine
3261 2310 3519 2406 quavis
3574 2316 3875 2385 contra-

960 2431 1270 2537 dictione
1322 2433 1648 2509 moderni
1702 2431 2021 2509 eiusdem
2078 2434 2298 2508 villae
2351 2432 2702 2528 Regentis
2745 2430 3085 2507 videlicet
3138 2430 3549 2506 Reverendi
3601 2432 3872 2505 Domi·

958 2556 1033 2629 ni
1088 2554 1523 2647 Choienski,
1582 2555 1865 2631 solvere
1919 2563 2309 2631 memorato
2363 2554 2793 2630 Reverendo
2847 2554 3162 2629 Domino
3230 2552 3475 2629 Lucae
3529 2552 3878 2630 Podoski

959 2684 1031 2751 et
1066 2678 1443 2753 extradere
1472 2679 2024 2752 mandaverunt.
2085 2678 2318 2767 Quam
2359 2683 2811 2775 praesentem
2866 2676 3162 2751 Decreti
3212 2677 3564 2775 praetacti
3616 2676 3872 2751 decla-

960 2800 1307 2875 rationem
1363 2802 1437 2874 in
1492 2802 1729 2875 futuro
1784 2799 2109 2897 generali
2181 2798 2516 2898 Capitulo
2579 2822 2712 2896 pro
2765 2801 2952 2874 festo
3016 2799 3550 2876 Purificationis
3603 2799 3873 2895 Virgi-

956 2923 1071 2997 nis
1124 2922 1401 2998 Mariae
1455 2921 1888 2999 celebrando
1943 2946 2023 2998 se
2079 2923 2623 2997 confirmaturos
2675 2931 3122 3019 receperunt.

2325 3235 2488 3336 CL.

955 3443 1414 3547 Approbatio
1481 3444 1987 3548 suprascripti
2055 3444 2357 3526 Decreti
2415 3443 2510 3526 de
2564 3444 2920 3527 censibus
2991 3443 3321 3528 omnibus
3389 3461 3484 3526 ac
3540 3444 3872 3545 singuiis

954 3565 1370 3665 solvendis,
1439 3569 1507 3650 in
1563 3567 1894 3669 uenerati
1953 3567 2286 3668 capitulo
2342 3567 2550 3650 Anno
2607 3567 2875 3650 Domini
2935 3567 3132 3650 1584
3195 3586 3330 3669 pro
3382 3565 3598 3650 festo
3655 3567 3874 3648 Puri-

1067 3688 1443 3772 fleationis
1501 3690 1578 3771 Β.
1637 3689 1725 3770 Μ.
1782 3689 1860 3771 v.
1918 3690 2332 3788 celebrato,
2390 3688 2507 3772 die
2561 3687 2868 3771 Saturni
2922 3690 2981 3771 4
3037 3688 3416 3773 Februarii
3468 3687 3722 3772 facta.

1158 3899 1741 3975 Declarationem
1794 3899 2071 3997 antiqui
2123 3901 2419 3976 Decreti
2474 3900 2562 3975 de
2617 3900 2960 3976 censibus
3015 3900 3344 3977 omnibus
3399 3924 3489 3975 ac
3542 3900 3874 3996 singulis

852 4101 858 4106 ,
954 4047 1046 4097 ex
1097 4022 1293 4097 villis
1347 4023 2052 4120 praestimonialibus
2112 4023 2734 4120 provenientibus,
2789 4046 2920 4121 per
2974 4021 3274 4098 eundem
3347 4021 3876 4101 Reverendum

952 4145 1338 4219 Dominum
1410 4144 1809 4238 Regentem
1882 4148 2404 4245 percipiendis,
2463 4149 2586 4246 qui
2638 4149 2980 4223 maiorem
3035 4148 3204 4222 anni
3257 4155 3530 4246 partem
3601 4147 3870 4227 huius-

953 4264 1149 4341 modi
1198 4267 1417 4342 vans
1469 4269 1761 4342 tenebat
1813 4276 1885 4342 et
1921 4269 2367 4366 possidebat,
2427 4269 2691 4345 dudum
2747 4269 2919 4345 editi
2976 4279 3048 4345 et
3099 4293 3327 4368 nuper
3379 4271 3455 4342 in
3509 4267 3872 4371 Capitulo

955 4387 1317 4464 ordinario
1373 4389 1489 4464 die
1546 4390 1592 4464 2
1649 4391 2079 4467 Decembris
2113 4393 2462 4486 renovati,
2517 4393 2822 4486 factam,
2894 4391 3308 4478 Reverendi
3360 4392 3655 4468 Domini
3707 4393 3870 4470 Ca-

952 4510 1253 4609 pitulum
1307 4511 1561 4606 vigore
1592 4513 2019 4609 ‘praesentis
2075 4511 2392 4612 Capituli
2427 4515 2794 4609 generalis
2845 4517 3428 4613 approbaverunt
3482 4525 3555 4591 et
3589 4518 3870 4594 confir·

951 4642 1346 4730 maverunt,
1402 4636 1764 4731 roburque
1800 4645 2192 4734 perpetuae
2236 4637 2593 4712 firmitatis
2631 4636 2917 4731 habere,
2975 4638 3068 4712 ab
3105 4635 3578 4736 omnibusque
3611 4640 3860 4718 invio-

951 4757 1268 4832 labiliter
1318 4758 1547 4834 teneri
1601 4765 1673 4836 ct
1725 4759 2102 4835 observari
2155 4759 2660 4835 concluserunt
2713 4767 2786 4835 et
2839 4767 3259 4837 statuerunt.
