4055 6364
1519 698 2025 774 ...77-

293 906 686 1004 capitulari
709 967 726 1002 ,
798 908 1224 985 Venerabili
1275 910 1591 986 Domino
1663 909 1718 985 J
1721 909 1938 985 oanni
1991 910 2438 985 Dembnicki
2509 908 2879 987 Canonico
2933 910 3211 987 Posna-

291 1026 535 1104 aiensi
590 1039 662 1106 et
713 1031 807 1106 ad
861 1032 1129 1107 dictum
1183 1032 1436 1107 Altare
1490 1040 1951 1132 praesentato
2011 1033 2435 1130 capitulari,
2520 1032 3007 1109 extradendas
3061 1036 3210 1109 De-

289 1160 496 1227 creto
555 1177 691 1229 suo
745 1157 1112 1252 praesenti
1164 1157 1704 1234 mandaverunt.

1615 1468 1880 1569 XCII.

291 1672 392 1755 ut
468 1675 823 1778 Deputati
898 1675 966 1756 in
1041 1675 1365 1775 negotiis
1448 1674 1844 1758 Ecclesiae
1928 1676 2387 1776 participent
2460 1676 2551 1758 de
2624 1676 3203 1761 anniversariis.

287 1797 506 1879 Anno
562 1797 832 1879 Domini
890 1796 1270 1880 millesimo
1340 1793 2628 2002 ssgfflqqffisigiomigginquauesimo
2701 1800 3021 1901 quarto,
3080 1800 3207 1881 Die

499 2134 620 2207 De
672 2132 981 2231 pecunia
1034 2130 1716 2215 Anniversariorum
1771 2130 1984 2205 etiam
2060 2132 2247 2205 inter
2302 2155 2427 2207 eos
2483 2133 2876 2225 Dominos,
2956 2134 3076 2231 qui
3131 2135 3204 2209 in

287 2256 611 2348 negotiis
663 2256 1045 2331 Ecclesiae
1082 2264 1153 2331 et
1185 2255 1489 2330 Mensae
1545 2254 1968 2352 capitularis
2006 2252 2337 2351 deputari
2374 2254 2627 2349 solent,
2686 2254 3202 2349 distribuenda,

287 2376 712 2452 Reverendi
767 2379 1062 2452 Domini
1098 2376 1588 2477 expendentes
1639 2398 1908 2471 secum,
1965 2378 2253 2472 quantis
2303 2378 2795 2472 incommodis,
2853 2379 3205 2454 molestiis

290 2506 364 2573 et
415 2499 526 2573 rei
593 2500 973 2575 familiaris
1033 2501 1311 2575 iactura
1373 2508 1447 2574 et
1499 2499 1862 2573 attritione
1937 2499 2345 2574 afficiantur
2412 2501 2487 2573 hi
2539 2500 2876 2604 Domini,
2954 2502 3076 2597 qui
3128 2503 3200 2575 in

287 2622 608 2716 negotiis
679 2606 1175 2701 communibus
1230 2630 1301 2697 et
1353 2623 1702 2696 bonorum
1769 2621 2309 2717 capitularium,
2383 2644 2514 2718 per
2566 2622 3006 2697 Venerabile
3062 2622 3202 2697 Oa-

289 2742 596 2841 pitulum
670 2744 1000 2842 deputari
1054 2752 1127 2819 et
1179 2744 1362 2818 mitti
1433 2745 1706 2836 solent,
1765 2752 1839 2818 et
1890 2744 2315 2841 praesertim
2390 2743 2483 2817 ad
2558 2744 2721 2819 loca
2792 2744 3197 2838 remotiora,

290 2873 364 2939 et
417 2866 861 2964 temporibus
911 2867 1632 2959 incommodioribus,
1690 2866 1813 2940 ubi
1869 2873 2155 2963 praeter
2206 2865 2393 2940 alias
2445 2867 2819 2941 molestias
2843 2925 2859 2956 ‚
2919 2877 3196 2942 aestum

286 2988 712 3084 ferventem,
769 2990 1123 3065 interdum
1177 2990 1410 3083 frigus
1466 2989 1760 3083 durum,
1820 2987 2249 3085 quandoque
2304 2988 2519 3061 etiam
2574 2988 2758 3062 alias
2814 2997 3198 3086 tempesta-

287 3119 402 3187 tes
457 3112 646 3188 coeli
701 3119 774 3186 et
825 3113 1326 3188 inclementiae
1381 3112 1595 3206 aeris,
1655 3112 1842 3186 sitim
1902 3134 2185 3208 quoque
2241 3117 2313 3185 et
2362 3110 2700 3206 inediam,
2758 3120 2835 3186 ut
2888 3113 3199 3209 plerum·-

289 3258 430 3331 que
487 3235 792 3330 contigit
864 3258 996 3333 pro
1050 3236 1396 3332 temporis
1469 3235 1812 3330 qualitate
1879 3235 2201 3332 perferre
2257 3238 2327 3308 et
2381 3233 2738 3308 sustinere
2811 3243 3195 3331 coguntur3

287 3355 486 3431 Hinc
541 3365 692 3453 est,
770 3357 960 3454 quod
1017 3356 1428 3432 Reverendi
1480 3357 1778 3431 Domini
1831 3357 2159 3431 volentes
2223 3356 2409 3430 tales
2473 3356 2564 3430 ad
2623 3356 2955 3431 obeunda
3010 3357 3197 3432 eius-

287 3479 486 3556 modi
553 3482 797 3554 munia
868 3488 941 3554 et
1009 3479 1493 3577 acceptandas
1565 3478 2065 3578 deputationes
2144 3477 2535 3553 alacriores
2605 3477 2953 3570 reddere,
3038 3503 3196 3554 cum

289 3603 561 3678 nullam
617 3601 1191 3676 animadvertant
1241 3602 1741 3677 rationabilem
1799 3624 2113 3695 causam,
2171 3624 2299 3676 cur
2350 3601 2891 3675 Anniversariis
2944 3599 3189 3675 defun-

295 3732 564 3800 ctorum
627 3749 716 3799 ac
769 3725 1428 3799 Processionalium
1485 3733 1558 3800 et
1608 3724 2135 3799 Matutinalium
2211 3724 2662 3820 portionibus
2729 3723 2946 3797 'etiam
3017 3747 3195 3818 gau-

293 3847 463 3923 dere
517 3869 659 3922 non
716 3846 1062 3922 debeant:
1119 3848 1364 3945 ipsos,
1439 3871 1581 3945 quo
1654 3847 1746 3922 ad
1809 3845 2320 3946 percipiendas
2392 3853 2627 3920 sortes
2698 3847 3047 3942 pecuniae
3102 3868 3197 3919 ex

294 3968 562 4044 eisdem
618 3963 1158 4044 Anniversariis
1213 3993 1294 4046 se
1349 3970 1888 4061 concernentis‚
1945 3969 2231 4043 habiles
2289 3976 2359 4043 et
2412 3990 2722 4064 capaces
2790 3990 3071 4043 exnunc
3124 3978 3197 4042 et

294 4091 636 4190 deinceps
689 4092 847 4167 fore
901 4093 1558 4190 pronuntiaverunt,
1615 4117 1702 4167 ac
1756 4091 2350 4191 quemadmodum
2408 4112 2551 4187 quo
2604 4089 2696 4163 ad
2755 4089 3193 4166 distributio-

294 4238 422 4290 nes
476 4215 973 4310 quotidianae,
1047 4237 1180 4312 pro
1235 4216 1737 4313 praesentibus
1807 4215 2064 4290 haberi
2128 4212 2401 4287 solent:
2474 4213 2576 4286 ita
2630 4212 2845 4286 etiam
2900 4235 3043 4308 quo
3099 4212 3191 4286 ad

294 4337 640 4414 eiusmodi
695 4338 1250 4412 Anniversarios
1326 4337 1818 4413 detunctorum
1877 4344 1948 4412 et
1998 4337 2376 4434 pecuniam
2451 4359 2543 4409 ex
2596 4334 2703 4409 eis
2757 4337 3189 4432 provenien-

297 4467 432 4533 tem
485 4460 900 4554 habendos,
977 4460 1430 4535 unanimibus
1503 4461 1870 4554 suffragiis
1941 4459 2440 4532 decreverunt.
2530 4457 2613 4530 Id
2672 4458 2861 4553 quod
2917 4459 3061 4532 iam
3117 4459 3189 4532 in

297 4582 623 4657 Dominis
677 4579 998 4676 Sbigneo
1051 4583 1506 4656 Ziolkowski
1563 4590 1636 4657 et
1687 4581 1989 4657 Alberto
2054 4581 2421 4655 Kiiewski
2476 4579 2867 4654 Canonicis
2922 4577 3188 4656 Cracc-

297 4703 680 4795 vicnsibus,
735 4705 830 4777 ad
882 4703 1388 4779 Visitationem
1443 4704 1792 4779 bonorum
1846 4702 2239 4778 Pabianice
2296 4702 2658 4800 deputatis
2721 4709 2792 4776 et
2825 4704 3189 4801 profectu-

297 4826 414 4921 ris,
469 4825 964 4922 exequendum
1020 4834 1090 4902 et
1145 4828 1214 4900 in
1271 4827 1764 4901 executionem
1817 4825 2225 4924 ponendum
2280 4826 2825 4902 mandaverunt.
