4055 6364
2049 646 2136 658 —
2253 603 2611 677 278-

1076 812 1189 876 De
1256 829 1415 876 non
1489 810 2147 875 constituendis
2219 807 2778 895 substitutiss
2825 827 2967 893 pro
3032 828 3118 875 se
3182 829 3329 893 per
3371 812 3783 880 Vicarios

879 915 1141 999 (Statut.
1190 912 1481 997 XXVII).
1548 914 1687 979 Hoc
1733 913 2051 981 Statutum
2099 916 2310 979 stricte
2356 913 2740 995 observatur,
2806 914 2870 978 et
2913 915 2983 979 ut
3027 914 3412 998 observetur,
3479 935 3782 1000 praesens

872 1018 1233 1101 Capitulum
1280 1020 1569 1103 generale
1616 1019 1874 1085 mandat
1920 1020 1985 1083 et
2026 1018 2315 1101 imponit.

1076 1208 1181 1275 De
1228 1209 1506 1275 dando
1555 1208 1847 1275 Galice
1895 1226 2156 1273 aureo
2202 1226 2344 1290 per
2390 1208 2876 1291 quemlibet
2919 1208 3432 1293 Episcopum
3480 1208 3781 1278 Cracc-

868 1333 909 1379 v
938 1314 1253 1380 iensem
1300 1312 1557 1395 (Statut.
1608 1312 1867 1395 XXIX).
1936 1312 2122 1377 Tales
2171 1310 2434 1395 {Calices
2501 1332 2623 1379 non
2671 1332 2917 1398 semper
2963 1314 3190 1379 dantur
3253 1315 3317 1379 in
3365 1317 3592 1397 specie,
3665 1318 3784 1384 sed

873 1417 1246 1502 quandoque
1312 1418 1778 1482 commutantur
1842 1417 1905 1481 in
1953 1416 2119 1481 dona
2161 1417 2318 1499 ipsis
2365 1420 2842 1502 aequivalentia,
2909 1420 3007 1485 vel
3054 1419 3322 1486 multum
3391 1425 3778 1504 superantia,

881 1523 1066 1605 quale
1114 1522 1345 1587 donum
1390 1522 1512 1586 fuit
1555 1521 1978 1587 Illustrissimi
2026 1522 2286 1607 Dabski‚
2334 1524 2633 1590 Lustrum
2679 1525 2914 1608 grande
2960 1526 3324 1609 argenteum
3369 1526 3648 1609 pensils;
3719 1528 3784 1592 et

871 1626 1155 1691 moderni
1198 1626 1617 1691 Illustrissimi
1661 1625 2025 1703 Lubieriski,
2079 1646 2185 1691 sex
2233 1626 2623 1693 Candelabra
2669 1646 2809 1693 cum
2858 1626 3054 1693 Cruce
3103 1628 3421 1712 argentea,
3474 1630 3778 1713 ponderis

886 1728 1381 1815 Quingentarum
1450 1730 1905 1814 quinquaginta
1949 1748 2170 1795 novem
2217 1750 2565 1797 marcarum
2627 1733 2868 1815 argenti
2923 1732 3156 1813 probae
3203 1732 3482 1798 decimae
3529 1736 3776 1801 tertiae.

1080 1939 1193 2004 De
1258 1938 1933 2003 conservatione
2007 1938 2229 2003 senii
2305 1940 2528 2005 inter
2601 1940 3066 2005 Praelatos
3155 1943 3226 2006 et
3289 1940 3778 2008 Canonicos

874 2064 912 2126 p
946 2063 977 2107 e
995 2062 1023 2106 r
1046 2062 1105 2107 m
1129 2043 1274 2106 uta
1293 2062 1333 2106 ιι
1354 2044 1383 2107 t
1403 2062 1436 2107 e
1459 2062 1488 2105 s
1580 2042 1853 2127 (Statut.
1898 2042 2182 2125 XXXI).’{
2253 2044 2419 2108 Huic
2481 2044 2729 2109 Statuto
2815 2045 2892 2108 ob
2955 2044 3324 2126 profundam
3402 2046 3778 2111 oblivionem

876 2152 1031 2229 eiuS,
1084 2148 1229 2229 quia
1254 2145 1537 2211 subinde
1598 2146 2179 2212 contraveniebatnr
2203 2168 2220 2211 ι
2297 2147 2529 2228 placuit
2575 2166 2739 2211 nunc
2784 2148 3099 2229 praesenti
3165 2150 3445 2232 generali
3492 2149 3777 2232 Capitulo

876 2250 1008 2315 eius
1057 2252 1421 2315 memoriam
1468 2251 1735 2315 excitare
1780 2252 1859 2315 ad
1909 2269 2121 2315 casum
2168 2251 2232 2314 in
2279 2250 2559 2315 futurum
2608 2251 2908 2316 similium
2957 2254 3504 2318 occurrentiarum.

1083 2459 1185 2522 De
1231 2458 1665 2524 libertate
1729 2459 1816 2524 ab
1864 2458 2426 2542 expeditione
2488 2458 2819 2525 bellica
2880 2460 3511 2538 Ecclesiarum,
3571 2462 3774 2527 Tho-

875 2581 1053 2627 mae
1120 2562 1682 2648 Strzepinski
1762 2562 2184 2646 Episcopi
2261 2560 2879 2629 cracoviensis
2954 2563 3208 2648 (Statut.
3271 2564 3567 2642 XXXII).
3639 2566 3775 2630 Hoc

883 2668 1203 2735 Statutum
1270 2669 1487 2751 utpote
1550 2668 1931 2733 immunitati
1994 2669 2451 2733 ecclesiasticae
2517 2668 2896 2750 proficuum,
2972 2668 3450 2751 supplicandum
3514 2669 3772 2733 Divinae

888 2772 1212 2837 Maiestati
1256 2774 1329 2836 ut
1374 2774 1755 2838 observetur.

1082 2962 1188 3027 De
1235 2981 1392 3028 non
1436 2962 1873 3028 faciendis
1919 2962 2629 3029 alienationibus
2677 2979 2713 3026 a
2758 2980 3090 3041 mensa,
3143 2962 3530 3027 eiusdem
3573 2961 3770 3026 Tho·

876 3085 1052 3132 mae
1116 3065 1669 3151 Strzepinski
1753 3066 2167 3149 Episcopi
2232 3064 2835 3131 Cracoviensis
2922 3064 3182 3150 (Statut.
3256 3066 3580 3148 XXXIH),
3661 3084 3769 3148 pro

876 3172 1051 3236 novis
1117 3171 1585 3237 fundationibus
1641 3173 2184 3249 monasteriorum,
2235 3172 2749 3254 praebendarum,
2821 3170 3400 3249 mansionariarum‚
3466 3169 3770 3235 altarista·

877 3295 1035 3352 rum,
1078 3295 1188 3358 per
1224 3276 1343 3339 hoc
1380 3276 1589 3340 tamen
1626 3275 2049 3341 Ecclesiarum
2095 3275 2545 3358 parochialium
2591 3273 2964 3350 fundationi,
3015 3276 3307 3340 erectioni
3344 3277 3410 3339 et
3447 3273 3765 3352 dotationi,

876 3379 1255 3445 necessitate
1302 3379 1367 3444 id
1414 3380 1721 3464 exigente,
1774 3379 2027 3443 minime
2076 3380 2456 3464 derogando.

1085 3589 1193 3656 De
1268 3608 1430 3655 non
1503 3588 1961 3673 erigendis
2043 3587 2289 3654 novis
2371 3585 2876 3654 Advocatiis
2957 3586 3039 3651 in
3117 3585 3365 3652 bonis
3449 3602 3769 3650 mensae

879 3692 1427 3776 episcopalis
1476 3691 1732 3777 (Statut.
1774 3693 2093 3771 XXXIV),
2147 3710 2409 3775 quarum
2458 3692 2509 3756 si
2547 3710 2705 3774 quae
2753 3691 2829 3756 de
2869 3709 3028 3756 novo
3076 3690 3412 3774 erigantur,
3465 3689 3651 3754 etiam
3693 3687 3768 3752 de

880 3813 1191 3862 consensu
1237 3795 1510 3878 Capituli
1559 3797 1799 3862 nullum
1844 3797 2122 3862 valorem
2165 3797 2394 3862 habere
2442 3796 2776 3862 debebunt.

1090 4002 1195 4070 De
1242 4003 1542 4068 Missis
1608 4005 1679 4069 et
1721 4003 2090 4087 Vigiliis
2155 4023 2298 4087 pro
2365 4001 2994 4076 Confratribus
3060 4001 3550 4078 defunctis,
3607 4001 3766 4065 tum

882 4107 967 4172 de
1012 4107 1318 4174 Missis
1382 4127 1532 4190 pro
1579 4107 1973 4191 peccatis
2016 4108 2394 4173 vivorum
2459 4108 2530 4170 in
2581 4106 2750 4172 fine
2815 4105 3308 4172 cuiuslibet
3382 4103 3766 4188 Capituli

882 4232 924 4296 g
944 4232 976 4277 e
998 4233 1035 4276 n
1058 4233 1091 4279 e
1111 4233 1141 4277 r
1160 4214 1238 4277 al
1256 4213 1278 4278 i
1299 4234 1328 4279 s
1402 4214 1441 4278 d
1462 4232 1495 4278 6
1516 4232 1549 4279 c
1568 4233 1606 4278 a
1626 4233 1664 4276 n
1689 4214 1767 4277 ta
1786 4233 1826 4277 ιι
1846 4214 1885 4278 d
1907 4214 1924 4276 i
1950 4233 1978 4277 s
2071 4211 2330 4298 (Statut.
2399 4211 2783 4292 XXXVIII).
2862 4211 3000 4276 Hoc
3064 4209 3381 4275 Statutum
3476 4211 3765 4294 quantum

883 4316 961 4380 ad
989 4316 1255 4400 Vigilias
1302 4318 1685 4396 observatur,
1750 4320 2054 4400 quantum
2101 4320 2313 4382 autem
2358 4316 2437 4380 ad
2477 4316 2709 4381 Missas
2755 4333 2868 4396 pro
2906 4315 3200 4397 peccatis,
3244 4315 3343 4379 est
3379 4315 3766 4379 immutatum

880 4437 993 4502 per
1038 4419 1355 4485 Statutum
1402 4419 1529 4499 CV,
1592 4422 1667 4486 ut
1708 4421 2014 4486 eiusmodi
2077 4421 2313 4486 Missae
2374 4440 2486 4503 pro
2533 4421 2827 4502 peccatiS,
2897 4439 3020 4484 non
3066 4419 3127 4483 in
3177 4419 3596 4495 conclusione,
3663 4415 3764 4482 sed

887 4523 985 4588 die
1030 4524 1443 4590 inchoationis
1492 4523 1766 4608 Capituli
1813 4525 2242 4604 decantentur,
2293 4525 2356 4588 et
2402 4523 2492 4589 sic
2537 4524 2619 4590 ad
2665 4541 2962 4605 praesens
3010 4523 3440 4588 decantantur.

1088 4732 1194 4797 De
1239 4733 1528 4798 tribus
1587 4732 1897 4798 Missis
1951 4752 2092 4818 pro
2140 4733 2417 4798 anima
2489 4731 2983 4797 confratris
3049 4729 3479 4809 defuncti,
3549 4731 3768 4795 intra

882 4855 1247 4902 mensem
1294 4856 1332 4901 a
1376 4837 1702 4902 notitia
1746 4837 2036 4904 mortis
2087 4838 2304 4920 siue,
2357 4837 2492 4902 sub
2539 4855 2810 4918 poena
2854 4834 3765 4901 excommunicationis

882 4959 1032 5024 per
1104 4941 1498 5024 singulos
1580 4941 2147 5024 capitulares
2234 4940 2806 5008 absolvendis
2904 4939 3160 5024 (Statut.
3235 4938 3557 5022 XXXIX).
3639 4937 3766 5003 Hoc

882 5045 1311 5128 punctualiter
1357 5046 1671 5112 observari
1725 5046 2248 5129 praesumendum
2293 5047 2403 5134 „est
2463 5047 2539 5111 de
2579 5045 2848 5110 cuiusvis
2897 5041 3273 5126 Capitularis
3318 5043 3586 5108 delicata
3628 5059 3764 5106 con-

886 5149 1167 5217 scientia.

3972 5147 3979 5434 1

3976 5491 3979 5528 l

3976 5609 3979 5642 !
