4055 6364
2170 739 2275 750 ..-
2382 691 2481 770 34
2598 739 2702 750 ,-

2262 902 2587 1004 XLIII.

1653 1114 1759 1196 οε
1813 1113 2352 1216 acceptatione
2403 1112 3114 1196 anniversariorum.

1197 1321 1278 1398 Si
1313 1324 1536 1421 aliqui
1587 1321 1854 1420 Reges,
1926 1324 2045 1398 vel
2096 1324 2496 1422 Principes,
2555 1325 2675 1399 vel
2729 1324 3047 1399 Praelati
3100 1325 3473 1419 utriusque
3526 1333 3767 1398 status
3820 1331 3887 1395 et

987 1470 1228 1541 sexus,
1285 1445 1592 1522 Nobiles
1645 1447 1764 1522 vel
1801 1446 1926 1522 alii
1979 1446 2497 1521 Benefactores
2551 1445 2956 1539 Ecclesiae,
3014 1447 3587 1521 anniversarium
3640 1447 3885 1521 huius-

983 1568 1174 1643 modi
1229 1567 1413 1642 inter
1477 1568 1832 1643 Dominos
1901 1568 2173 1642 habere
2244 1568 2643 1660 voluerint,
2718 1569 2989 1643 talibus
3042 1567 3431 1642 favendum
3488 1569 3663 1662 erit,
3746 1592 3887 1640 ma-

983 1692 1175 1766 xime
1231 1691 1296 1766 si
1348 1691 1728 1766 Ecclesiae
1782 1697 1855 1766 et
1907 1688 2109 1764 Cleri
2161 1691 2427 1764 fuerint
2481 1696 2863 1765 amatores.

2273 2017 2597 2119 XLIV.

1767 2227 1872 2310 ne
1927 2227 2139 2311 modo
2195 2226 2630 2310 informandi
2685 2227 3121 2330 capitulum.

1196 2437 1586 2512 Praeterea
1658 2438 2062 2535 praemissa
2135 2438 2373 2512 omnia
2446 2447 2519 2513 et
2572 2438 2863 2533 singula
2937 2439 3253 2535 poterint
3323 2462 3457 2535 per
3532 2438 3887 2510 Dominos

986 2561 1064 2635 in
1113 2559 1439 2655 generali
1492 2557 1828 2657 Capitulo
1881 2561 1954 2634 in
2011 2561 2267 2634 melius
2321 2562 2737 2636 successive
2793 2561 3115 2636 ordinari·
3152 2569 3223 2635 et
3258 2560 3660 2652 reformari,
3718 2556 3878 2632 Sta-

991 2683 1164 2757 tutis
1217 2690 1362 2756 tam
1418 2681 1508 2757 de
1561 2705 1749 2758 anno
1803 2684 2106 2778 gratiae,
2164 2706 2377 2780 quam
2435 2683 2525 2758 de
2560 2683 2922 2759 Villarum
2976 2683 3671 2781 praestimonialium
3726 2702 3888 2778 pro-

991 2804 1467 2900 venientibus,
1524 2811 1597 2879 et
1649 2805 1815 2880 aliis
1868 2828 2155 2904 semper
2209 2806 2457 2880 salvis.

2295 3134 2577 3238 XLV.

951 3462 956 3465 Ι
1068 3346 1172 3427 De
1226 3348 1570 3446 tempore
1624 3344 1961 3428 veniendi
2019 3344 2116 3427 ad
2172 3343 2474 3446 vinilias
2531 3346 2614 3425 et
2669 3343 2881 3426 modo
2939 3345 3275 3447 puniendi
3330 3344 3828 3446 neglinentes.

1203 3555 1312 3631 Ut
1362 3555 1592 3631 maior
1645 3554 2020 3650 diligentia
2074 3562 2147 3629 et
2200 3555 2488 3629 devotio
2544 3556 2739 3629 cirea
2795 3555 3143 3650 exequias
3189 3554 3263 3627 in
3302 3551 3717 3629 huiusmodi
3770 3576 3893 3625 an·
4027 3585 4029 3589 v

997 3678 1418 3753 niversariis
1471 3678 1742 3776 pariter
1795 3688 1866 3753 et
1917 3678 2261 3752 honestas
2315 3678 2685 3773 habeatur,
2761 3679 3179 3752 statuimus:
3237 3676 3428 3772 quod
3486 3678 3891 3772 quicunque

998 3808 1166 3875 tunc
1235 3823 1586 3899 praesens
1654 3801 1729 3873 in
1802 3800 2207 3875 Ecclesiam
2280 3801 2547 3875 intrare
2621 3802 2914 3875 chorum
2987 3802 3077 3873 ad
3162 3800 3408 3873 Venite
3471 3800 3544 3871 in
3603 3797 3896 3893 Vigiliis

1000 3922 1422 4017 neglexerit,
1482 3931 1554 3997 et
1604 3923 1676 3997 in
1734 3921 1983 3998 Stallis
2038 3946 2181 3997 non
2238 3925 2537 4017 steterit,
2592 3925 2668 3998 in
2722 3946 2865 3999 uno
2917 3945 3181 4017 grosso
3238 3922 3594 4017 puniatur.
3690 3916 3897 3994 Simi-

999 4044 1169 4118 liter
1244 4044 1645 4141 quicunque
1700 4045 1771 4118 in
1829 4046 2061 4119 Missa
2124 4048 2601 4121 anniversarii
2669 4046 2897 4145 Kym'e
2967 4044 3237 4144 eleyson
3308 4043 3713 4137 neglexerit
3778 4065 3897 4115 ve·

1001 4167 1156 4240 nire
1210 4165 1302 4238 ad
1363 4164 1662 4239 Stallum
1719 4189 2065 4262 praesens
2140 4168 2462 4242 existens
2512 4169 2588 4241 in
2641 4168 3021 4261 Ecclesia,
3096 4177 3168 4241 et
3221 4190 3364 4240 non
3438 4166 3719 4239 steterit
3766 4162 3898 4237 ibi-

1004 4286 1165 4361 dem
1218 4310 1446 4384 usque
1502 4287 1593 4361 ad
1652 4287 2149 4379 elevationem,
2209 4289 2537 4363 similiter
2574 4291 2646 4363 in
2685 4312 2828 4363 uno
2864 4312 3126 4384 grosso
3182 4289 3539 4384 puniatur,
3596 4294 3899 4381 excepto

982 4410 1070 4483 'si
1121 4409 1460 4507 propriae
1530 4410 1802 4485 Missae
1865 4412 1938 4486 in
1994 4412 2247 4485 eadem
2318 4414 2481 4508 ipsa
2552 4412 2893 4485 Ecclesia
2964 4410 3435 4485 Cracoviensi
3508 4417 3900 4506 occupatus

1004 4531 1222 4605 fuerit
1270 4532 1602 4605 lectione.

1215 4651 1721 4728 Celebratione
1776 4662 2200 4730 oecurrente
2272 4655 2747 4729 anniversarii
2802 4654 3107 4728 Missam
3179 4653 3424 4749 aliquo
3479 4650 3598 4725 die
3655 4674 3901 4726 occur-

1005 4775 1191 4848 renti
1262 4799 1394 4872 per
1463 4774 2139 4869 hebdomadarium,
2214 4778 2336 4873 qui
2410 4777 2623 4851 debet
2678 4774 3037 4851 Summam
3114 4776 3415 4850 Missam
3490 4776 3897 4867 decantare,

1008 4921 1141 4995 per
1189 4896 1561 4973 Vicarium
1615 4922 1787 4972 vero
1844 4898 2163 4972 eiusdem
2220 4896 2621 4993 Summam,
2683 4923 2771 4973 ne
2827 4901 2916 4974 de
2973 4908 3258 4973 caetero
3313 4897 3727 4974 huiusmodi
3781 4922 3900 4972 an-

1009 5020 1393 5097 niversarii
1443 5019 1678 5097 Missa
1727 5022 2140 5121 negligatur
2193 5020 2593 5100 statuimus.
