4055 6364
2093 708 2665 787 -148—

921 927 991 996 et
1043 920 1444 997 iuramenta
1515 918 1837 1019 deputati
1908 946 1953 997 a
2007 928 2218 997 turno
2289 920 2654 997 ordinario
2722 920 2937 997 liberi
3008 922 3454 1019 pronuntiari
3535 924 3836 999 debent.

923 1041 1136 1133 Quod
1193 1041 1257 1117 si
1313 1065 1487 1119 vero
1539 1044 1818 1119 interea
1869 1044 2216 1141 temporis
2270 1044 2535 1141 aliquis
2589 1066 2804 1119 casus
2860 1045 3257 1139 emerserit,
3316 1053 3389 1121 et
3440 1054 3837 1143 antequam

918 1164 1264 1259 generale
1331 1162 1739 1264 Capitulum
1811 1166 2026 1241 fuerit
2046 1224 2065 1259 ,
2138 1166 2326 1241 alios
2380 1166 2473 1241 ad
2530 1166 2715 1241 alias
2786 1167 3139 1261 granities
3208 1167 3575 1265 proficisci
3648 1190 3841 1265 opus

920 1286 1154 1381 fuerit,
1211 1286 1492 1383 utrique
1548 1310 1638 1361 ex
1693 1287 1946 1362 ordine
2001 1288 2321 1385 deputati
2376 1297 2655 1364 turnum
2714 1312 2917 1365 suum
2974 1290 3356 1365 absolvere
3412 1289 3700 1385 debent,
3766 1298 3843 1365 et

922 1407 996 1481 in
1053 1408 1382 1503 generali
1434 1410 1761 1506 proximo
1817 1408 2156 1507 Capitulo
2178 1468 2196 1503 ,
2254 1419 2330 1485 ut
2385 1435 2429 1483 a
2482 1411 2635 1486 suis
2688 1411 2921 1487 turnis
2978 1410 3361 1487 ordinariis
3414 1411 3633 1485 liberi
3686 1412 3840 1487 sint

927 1538 1000 1605 et
1055 1530 1620 1627 pronuntientur,
1697 1554 1778 1606 se
1841 1532 2115 1607 liberos
2184 1534 2339 1607 fore
2394 1534 2762 1631 postulare
2835 1532 3199 1609 debebunt
3248 1541 3323 1608 et
3374 1534 3833 1610 tenebuntur.

2178 1840 2566 1943 CLXVI.

930 2050 1302 2152 Reliquiae
1344 2052 1425 2133 et
1465 2069 1597 2133 res
1637 2050 2141 2151 pretiosiores
2195 2049 2555 2152 quomodo
2612 2051 3046 2136 servandae
3086 2054 3170 2133 et
3205 2051 3840 2137 Vicecustodibus

929 2172 1028 2254 ad
1066 2171 1485 2255 custodiam
1524 2171 1970 2255 tradendae.
2030 2173 2236 2255 Anno
2279 2173 2549 2255 Domini
2590 2173 2803 2255 1594.
2860 2174 2985 2255 Die
3025 2173 3294 2256 Martis
3334 2174 3386 2256 8
3428 2174 3839 2259 Februarii.

1138 2383 1336 2458 Inter
1389 2382 1536 2457 alia
1572 2406 1702 2480 per
1737 2382 2310 2459 Illustrissimum
2352 2395 2423 2459 et
2459 2383 3169 2459 Reverendissimum
3223 2384 3612 2461 Dominum
3668 2408 3844 2483 pro·

931 2506 1189 2603 posita,
1244 2505 1384 2580 hoc
1419 2505 1633 2579 etiam
1671 2504 2037 2602 peculiare
2073 2506 2228 2598 fuit,
2284 2513 2363 2580 ut
2397 2505 2775 2601 Reliquiae
2824 2504 3207 2581 Ecclesiae
3242 2506 3477 2603 huius,
3537 2506 3847 2601 Cruces,

933 2626 1222 2701 Calices
1287 2635 1359 2701 et
1411 2626 1758 2724 quidquid
1815 2635 1926 2701 est
1979 2627 2329 2719 thesauri,
2402 2627 2478 2700 in
2550 2626 2883 2721 diligenti
2955 2626 3286 2704 custodia
3357 2637 3429 2703 et
3500 2628 3849 2703 clausura

933 2756 1400 2823 conservetur
1451 2758 1522 2823 et
1573 2748 1962 2845 habeatur;
2037 2748 2449 2823 Reverendi
2517 2749 2815 2823 Domini
2888 2747 3301 2845 Capitulum
3376 2774 3537 2824 cum
3616 2774 3851 2849 saepe

932 2872 1117 2945 alias
1188 2878 1333 2945 tum
1407 2878 1479 2945 et
1546 2872 1623 2945 in
1675 2872 2041 2969 praesenti
2110 2872 2435 2967 generali
2510 2870 2846 2969 Capitulo
2920 2894 3051 2968 per
3125 2870 3842 2947 Reverendissimum

936 2994 1323 3069 Dominum
1379 2992 1746 3085 admoniti,
1804 3000 2099 3090 propter
2152 2994 2395 3068 varios
2449 3016 2665 3069 casus
2718 3000 2791 3067 et
2843 2994 3165 3091 pericula
3225 2995 3685 3089 emergentia,
3750 2996 3845 3069 de

934 3115 1268 3212 diligenti
1321 3114 1649 3191 custodia
1700 3114 2192 3213 Reliquiarum
2249 3124 2321 3192 et
2372 3116 2869 3192 asservatione
2922 3114 3265 3212 thesauri,
3322 3124 3599 3193 matura
3655 3116 3845 3192 deli-

937 3239 1308 3314 beratione
1363 3245 1435 3312 ct
1489 3238 1818 3333 diligenti
1873 3240 2177 3314 consilio
2232 3241 2421 3314 intra
2475 3263 2555 3314 se
2610 3239 3072 3336 praehabit0,
3145 3239 3363 3314 talem
3419 3238 3841 3316 Ordinatio-

936 3385 1101 3436 nem
1155 3362 1226 3435 in
1281 3361 1593 3437 futurum
1649 3371 1720 3435 et
1772 3369 2122 3459 perpetuo
2178 3361 2703 3437 observandam
2756 3362 3085 3435 fecerunt
3136 3369 3209 3434 et
3246 3370 3659 3438 sanxerunt.
3718 3363 3844 3438 In-

943 3483 1192 3581 primis
1230 3483 1396 3579 quia
1431 3483 1506 3556 in
1543 3482 1794 3556 eadem
1829 3482 2170 3558 Ecclesia
2216 3483 2635 3560 Catbedrali
2676 3492 2843 3558 suut
2876 3482 3281 3579 Reliquiae,
3338 3483 3638 3580 Cruces,
3698 3483 3847 3560 Ca·

940 3606 1143 3696 lices,
1199 3604 1484 3700 aliaque
1537 3613 1957 3679 ornamenta
2008 3607 2085 3678 in
2139 3630 2313 3681 auro
2350 3615 2423 3682 et
2457 3613 2759 3702 argento
2814 3604 3108 3679 maioris
3160 3605 3499 3680 momenti
3544 3614 3621 3680 et
3666 3629 3849 3702 quo·

942 3751 1097 3801 rum
1151 3750 1362 3800 rarus
1412 3727 1496 3800 fit
1545 3727 1620 3800 in
1674 3726 2012 3803 Ecclesia
2068 3751 2273 3822 usus,
2330 3729 2496 3804 ideo
2550 3728 3119 3805 asservationem
3176 3750 3422 3803 eorum
3476 3735 3549 3802 et
3602 3737 3850 3804 custo·

944 3841 1135 3924 diam
1187 3849 1259 3922 in
1314 3848 1480 3922 loco
1534 3848 1776 3945 aliquo
1832 3850 2203 3924 secretiori
2259 3858 2330 3925 et
2382 3859 2535 3925 tuto
2591 3847 2877 3925 Seniori
2932 3849 3308 3942 Praelato,
3379 3850 3855 3926 Procuratori

943 3994 1074 4069 pro
1129 3979 1452 4068 tempore
1507 3971 1879 4065 existenti,
1948 3969 2252 4047 Custodi
2307 3981 2378 4047 et
2429 3974 2552 4048 nni
2610 3995 2700 4047 ex
2753 3971 3366 4047 Vicecustodibus
3420 3971 3557 4048 sub
3614 3972 3855 4048 tribus

946 4093 1340 4189 clausuris,
1399 4093 1750 4168 sei-aculis
1804 4101 1876 4168 et
1928 4094 2161 4169 tribus
2216 4096 2543 4170 clavibus
2616 4092 3191 4170 committendam
3248 4117 3413 4168 esse
3467 4093 3851 4196 duxerunt,

945 4222 1157 4312 prout
1207 4215 1574 4312 praesenti
1627 4215 1942 4289 Decreto
1997 4217 2525 4291 commiserunt.
2607 4217 2757 4291 Res
2809 4237 2985 4290 vero
3038 4215 3485 4316 minutiores,
3542 4240 3851 4313 quarum

946 4337 1286 4434 frequens
1337 4337 1420 4410 fit
1469 4337 1544 4410 in
1597 4335 1934 4411 Ecclesia
1986 4361 2184 4433 usus,
2242 4339 2552 4434 singulis
2607 4336 2990 4434 descriptis
3044 4345 3117 4410 et
3160 4338 3605 4433 regestratis,
3662 4340 3854 4414 solis

949 4457 1558 4534 Vicecustodibus
1593 4482 1837 4532 earum
1885 4459 2281 4534 custodiam
2332 4469 2403 4534 et
2440 4461 3009 4535 asservationem
3050 4458 3625 4535 committendam
3684 4484 3858 4538 esse

951 4589 1400 4679 putaverunt,
1458 4589 1670 4678 prout
1706 4583 2237 4677 commiserunt,
2292 4585 2393 4658 ita
2445 4592 2704 4677 tamen,
2754 4591 2831 4657 ut
2862 4581 3083 4656 iidem
3136 4580 3663 4658 Vicecustodes
3717 4608 3857 4682 pro

947 4711 1272 4799 tempore
1347 4703 1738 4777 existentes
1793 4704 2083 4797 singula
2135 4704 2227 4777 ad
2286 4705 2715 4780 servandum
2790 4705 2931 4778 sibi
2989 4704 3376 4779 commissa
3432 4714 3503 4778 et
3554 4727 3857 4781 concre-

953 4824 1102 4898 dita
1175 4824 1558 4918 diligenter
1611 4832 1681 4897 et
1731 4824 2043 4898 fideliter
2115 4827 2525 4902 custodiant
2595 4835 2666 4900 et
2736 4834 3063 4915 servent,
3144 4833 3217 4900 et
3286 4827 3861 4926 quotiescunque

955 4969 1086 5044 per
1137 4943 1546 5043 Capitulum
1601 4947 1926 5043 requisiti
1977 4947 2260 5037 fuerint,
2316 4949 2514 5023 iuxta
2566 4948 2995 5043 Regestrum
3053 4947 3197 5023 sibi
3250 4947 3512 5042 datum,
3571 4949 3661 5023 de
3702 4975 3860 5027 om·

955 5068 1168 5142 nibus
1219 5075 1293 5141 et
1347 5067 1654 5162 singulis
1709 5070 2177 5165 apparatibus
2234 5079 2305 5143 et
2357 5071 2793 5144 ornamentis
2854 5069 3235 5144 Ecclesiae
3301 5069 3649 5146 rationem
3708 5076 3859 5149 suf-

956 5190 1312 5262 ficientem
1383 5191 1518 5264 sub
1588 5212 1821 5286 poena
1875 5215 1920 5262 a
1975 5190 2313 5287 Capitulo
2384 5190 2819 5290 imponenda
2888 5191 3160 5266 faciant
3232 5199 3302 5265 et
3354 5215 3643 5289 semper
3712 5197 3863 5271 sint

957 5313 1198 5386 facere
1252 5312 1484 5409 parati
1539 5320 1610 5386 et
1663 5312 2011 5388 adstricti.
