4055 6364
2107 721 2668 804 —100—

928 948 1041 1015 tra
1092 938 1201 1013 ius
1255 937 1556 1012 fraterni
1626 935 1893 1011 amoris
1964 941 2038 1009 et
2090 933 2404 1008 officium
2467 934 2706 1009 bonae
2777 931 3214 1023 vicinitatis,
3285 931 3469 1029 ipso·
3519 931 3848 1007 Domino

928 1058 1395 1145 Ziolkowski·
1440 1057 1513 1132 id
1563 1081 1703 1131 non
1760 1057 1899 1131 nisi
1950 1080 2040 1130 ex
2087 1055 2368 1133 damnis
2421 1056 2862 1131 notabilibus
2915 1055 3072 1129 fieri
3127 1053 3544 1150 confitente3
3601 1053 3846 1127 Reve-

932 1181 1134 1258 rendi
1192 1180 1487 1255 Domini
1541 1198 1693 1254 rem
1746 1203 1900 1253 eam
1956 1178 2376 1273 diligentius
2430 1177 2960 1275 expendentes,
3015 1176 3400 1251 innitentes
3453 1175 3591 1250 iuri
3645 1199 3849 1250 com-

928 1304 1128 1379 muni
1180 1309 1253 1377 et
1306 1299 1607 1376 Statutis
1660 1300 2268 1393 Provincialibus,
2327 1300 2590 1396 quibus
2642 1308 2928 1374 cautum
2983 1306 3257 1391 exstat,
3317 1298 3507 1395 quod
3565 1321 3850 1395 pascua

930 1425 1289 1502 Villarum
1360 1423 1743 1498 Ecclesiae
1812 1425 1952 1497 sibi
2024 1422 2416 1496 vicinarum
2491 1445 2776 1519 semper
2831 1430 2903 1495 et
2953 1422 3218 1517 ubique
3291 1420 3602 1495 debeant
3672 1442 3848 1494 esse

930 1548 1165 1621 libera
1220 1554 1291 1620 et
1344 1547 1757 1623 alterutrius
1808 1544 2054 1621 Villae
2110 1544 2534 1638 communia,
2592 1568 2824 1640 neque
2878 1543 3068 1617 ullas
3121 1566 3213 1617 ex
3264 1542 3374 1617 eis
3416 1541 3848 1615 abactiones

933 1669 1198 1745 debere
1250 1669 1447 1761 fieri,
1522 1667 1653 1741 sed
1726 1690 1958 1763 neque
2033 1689 2252 1740 onera
2308 1666 2458 1740 ulla
2493 1666 2639 1753 *vel
2693 1667 3077 1741 servitutes
3132 1687 3219 1738 eo
3273 1665 3558 1739 nomine
3629 1664 3850 1738 alteri

933 1792 1027 1866 ab
1090 1792 1319 1867 altero
1374 1813 1539 1865 esse
1601 1788 2077 1887 imponendas
2130 1788 2250 1861 vel
2305 1787 2738 1883 exigendas3
2813 1811 3035 1885 quare
3106 1787 3587 1862 concordibus
3650 1785 3848 1860 votis

935 1913 1427 2006 decreverunt,
1486 1918 1562 1986 ut
1598 1919 1890 2007 uterque
1944 1909 2416 1985 Dominorum
2459 1909 2982 2007 praedictorum
3033 1933 3197 1985 sese
3231 1910 3433 1983 iuxta
3485 1909 3626 1984 hoc
3683 1904 3846 1981 Sta-

932 2042 1157 2110 tutum
1214 2056 1645 2109 conservare
1700 2039 1951 2108 curent
2002 2038 2076 2105 et
2129 2042 2581 2109 conservent.
2649 2032 2903 2128 Itaque
2956 2031 3430 2107 Reverendus
3483 2031 3847 2105 Dominus

758 2162 765 2169 ’
862 2168 873 2177 ”
936 2156 1323 2250 Kiiewski,
1383 2152 1663 2230 Statuto
1700 2157 2026 2253 praefato
2085 2155 2564 2249 satisfaciens,
2621 2155 3114 2251 voluntatique
3167 2154 3639 2228 Dominorum
3677 2174 3846 2226 sese

937 2278 1531 2353 conformantium
1604 2286 1802 2353 certo
1873 2280 2196 2351 Decreto
2268 2277 2687 2373 capitulari,
2763 2300 2905 2373 quo
2978 2275 3246 2351 subditi
3298 2275 3543 2349 Villae
3607 2274 3845 2365 Tanie

934 2399 1311 2494 regiminis
1380 2399 1791 2473 Reverendi
1842 2399 2142 2473 Domini
2205 2398 2620 2493 Kouarski,
2696 2408 2844 2472 tres
2899 2398 3056 2473 dies
3110 2399 3183 2471 in
3238 2420 3429 2471 anno
3501 2396 3846 2471 messium

936 2530 1264 2619 tempore
1334 2522 1612 2596 ratione
1684 2543 2114 2618 pascuorum
2183 2521 2417 2617 ipsius
2474 2521 2550 2593 in
2603 2520 3047 2596 haereditate
3100 2519 3344 2596 Villae
3413 2518 3846 2593 Bronowice

826 2639 835 2647 ’
936 2642 1415 2719 admissorum
1452 2643 1739 2741 operari
1776 2643 2056 2717 onerati
2093 2651 2165 2716 et
2197 2642 2526 2717 adstricti
2578 2651 2803 2735 erant,
2859 2643 3089 2718 libere
3146 2644 3388 2731 cessit,
3447 2642 3658 2736 eique
3713 2662 3844 2737 per

939 2786 1363 2862 expressum
1414 2765 1870 2860 renuntiavit,
1924 2765 2474 2861 libertatemque
2525 2766 2875 2863 pascendi
2908 2765 2982 2838 in
3019 2764 3242 2839 fundo
3297 2762 3843 2838 Bronowieensi

939 2886 1219 2961 colonis
1292 2887 1385 2961 de
1438 2886 1672 2979 Tanie
1745 2910 1833 2961 eo
1886 2895 2124 2962 tamen
2198 2888 2403 2982 loco,
2479 2888 2672 2984 quod
2727 2885 3018 2979 Gaezki
3088 2895 3406 2979 vocatur,
3481 2886 3701 2983 idque
3756 2906 3842 2959 eo

940 3008 1155 3083 etiam
1209 3008 1378 3081 anni
1431 3017 1753 3107 tempore
1808 3009 2191 3104 duntaxat,
2267 3033 2407 3105 quo
2463 3010 2714 3084 maiori
2761 3022 3196 3107 'pascuorum
3251 3008 3588 3103 angustia
3638 3008 3840 3081 labo-

910 3134 1218 3223 ·rarent,
1275 3131 1461 3206 alias
1500 3129 1732 3232 qdyby
1796 3130 2027 3232 qury
2078 3156 2448 3226 zaorzon0‚
2519 3133 2749 3209 libere
2807 3132 3170 3208 concessit
3220 3139 3293 3207 et
3346 3130 3710 3231 permisit,
3764 3128 3838 3205 id

941 3252 1132 3348 quod
1183 3251 1344 3348 ipse
1398 3253 1869 3330 Reverendus
1939 3257 2298 3330 Dominus
2351 3255 2680 3331 «Ioannes
2733 3255 3151 3349 Konarski,
3227 3255 3440 3329 simul
3495 3262 3567 3327 et
3618 3263 3840 3329 totum

938 3373 1380 3450 Venerabile
1435 3374 1845 3473 Capitulum
1902 3378 1995 3452 ab
2049 3377 2213 3475 ipso
2265 3377 2582 3454 Domino
2636 3377 3004 3452 Kiiewski
3058 3377 3314 3472 obviis,
3372 3379 3564 3474 quod
3621 3379 3838 3472 aiunt,

942 3496 1273 3572 manibus
1326 3504 1400 3572 et
1442 3520 1595 3573 -non
1650 3498 1807 3574 sine
1860 3499 2255 3593 gratiarum
2309 3499 2593 3574 actione
2649 3499 2972 3598 suscepit
3022 3506 3236 3596 atque
3290 3499 3720 3598 acceptavit.

2129 3946 2132 3949 ι
2231 3809 2547 3910 cxxi

946 4017 1039 4100 ut
1109 4016 1643 4118 deputationes
1716 4018 2170 4101 Dominarum
2247 4018 2341 4100 ad
2417 4021 2721 4122 negotia
2795 4021 3188 4106 Ecclesiae
3262 4044 3354 4106 ex
3427 4021 3682 4108 ordine
3757 4025 3838 4106 et

1467 4141 1671 4222 iuxta
1724 4141 2192 4225 vocationem
2249 4143 2754 4244 cuiuscunque
2811 4144 3338 4227 observentur.

1148 4350 1589 4426 Franciscus
1658 4349 2059 4425 Krasinski
2127 4353 2266 4426 Dei
2317 4353 2555 4448 gratia
2629 4351 3045 4452 Episcopus
3100 4352 3656 4452 Cracoviensis,
3710 4379 3836 4431 no·

944 4477 1130 4565 tum,
1188 4481 1664 4568 testatumque
1717 4472 2023 4548 facimus
2077 4474 2280 4549 hisee
2332 4475 2563 4549 literis
2617 4476 2918 4568 nostris,
2977 4499 3274 4572 quorum
3329 4478 3630 4553 interest
3683 4479 3833 4553 uni-

944 4593 1181 4668 versis
1236 4602 1308 4668 et
1360 4594 1669 4689 singulis
1722 4583 2229 4692 praesentibus
2283 4606 2354 4673 et
2405 4596 2702 4690 futuris,
2760 4597 3010 4673 harum
3083 4600 3404 4674 notitiam
3457 4601 3832 4676 habituris.

949 4713 1259 4789 Oblatas
1331 4716 1543 4790 nobis
1616 4739 1783 4790 esse
1835 4741 1881 4790 a
1934 4717 2354 4793 Venerabili
2427 4728 2674 4794 nostro
2747 4719 3083 4818 capitulo
3156 4723 3629 4797 Uracoviensi
3699 4722 3834 4797 duo

942 4836 1403 4934 infrascripta
1437 4834 1736 4912 Statuta
1792 4836 2053 4935 sigillo
2108 4841 2427 4916 eiusdem
2475 4841 2792 4940 Capituli
2847 4844 3281 4919 communita
3326 4852 3397 4918 et
3432 4845 3830 4941 obsignata,

943 4965 1159 5053 atque
1212 4983 1257 5032 a
1310 4959 1521 5033 nobis
1575 4961 2008 5056 postulatum
2085 4986 2280 5059 esse,
2354 4972 2430 5037 ut
2484 4965 2590 5039 eis
2645 4989 3020 5040 assensum
3087 4974 3404 5054 nostrum
3461 4967 3833 5064 praebere·

944 5103 1141 5172 mus,
1198 5079 1464 5175 illaque
1520 5083 1943 5158 auctoritate
1998 5092 2248 5160 nostra
2303 5086 2662 5161 ordinaria
2718 5088 3288 5184 approbaremus
3341 5096 3415 5164 et
3467 5090 3832 5164 confirma-

944 5223 1206 5275 remus.
1264 5200 1584 5292 Quorum
1641 5205 1928 5300 quidem
1982 5203 2422 5283 Statutorum
2460 5208 2549 5283 de
2588 5209 2811 5284 verbo
2865 5209 2956 5283 ad
2997 5212 3292 5286 verbum
3345 5219 3552 5287 tenor
3603 5214 3833 5310 sequi·

944 5331 1059 5398 tur
1110 5332 1186 5420 et
1235 5333 1349 5401 est
1400 5325 1790 5403 eiusmodi:
