4055 6364
1063 2015 2158 2148 REFORMATIO

594 2234 840 2282 enom
885 2233 987 2280 m·
1028 2235 1320 2292 nomm.
1369 2237 1580 2305 Qum
1624 2240 1728 2286 AD
1776 2241 2107 2289 cnorum
2152 2239 2619 2298 pum-munz

1556 2379 1668 2446 per

195 2510 1176 2605 ILLUSTRISSIMUM
1242 2513 1349 2605 D.
1420 2513 1526 2606 D.
1606 2516 2377 2610 CARDINALEM
2438 2517 3001 2610 RADZIVIL

1021 2703 1500 2774 umscopuu
1545 2705 2194 2778 offlcovmnsuu

783 2881 878 2944 in
924 2881 1186 2946 Anno
1228 2881 1445 2948 1596
1491 2883 1718 2950 sacta
1760 2887 1856 2952 in
1900 2885 2431 2952 visitatione.

1045 3278 1263 3365 circa
1316 3283 1584 3365 Altare
1635 3280 2149 3366 Tabernaculi.

369 3488 694 3586 Singulis
765 3492 1185 3590 septimanis
1258 3490 1696 3567 Venerabile
1767 3490 2301 3568 Sacramentum
2369 3501 2773 3583 renovetur,
2849 3503 2921 3570 et
2972 3496 3045 3570 in

149 3638 242 3689 ea
296 3611 585 3711 pixide,
659 3636 843 3710 quae
915 3613 1009 3688 ad
1079 3613 1400 3689 infirmos
1473 3613 1736 3689 deferri
1807 3614 2013 3708 solet,
2072 3637 2213 3689 non
2267 3614 2515 3711 plures
2586 3638 2796 3711 quam
2870 3615 3045 3691 duo-

149 3734 412 3810 decem
481 3734 782 3830 hostiae,
852 3734 926 3809 in
979 3758 1068 3809 ea
1119 3758 1316 3831 vero,
1391 3758 1573 3839 quae
1627 3757 1761 3833 pro
1815 3734 2232 3810 adoratione
2284 3736 2358 3809 iu
2412 3736 2879 3813 tabernaculo
2933 3760 3044 3812 re·

147 3855 526 3954 linquitur,
581 3879 722 3932 uon
774 3856 1021 3955 plures
1073 3880 1284 3955 quam
1339 3880 1470 3933 sex
1522 3857 1880 3933 ordinarie
1932 3865 2305 3954 ponantur,
2361 3859 2504 3932 nisi
2555 3867 2850 3957 propter
2900 3860 3044 3933 fre-

151 3980 604 4074 quentiorem
658 3980 906 4077 populi
959 4001 1382 4056 eonem-sum
1439 3980 1684 4077 plures
1736 3986 1984 4055 essent
2036 3980 2591 4055 consecrandae.

365 4098 910 4194 Baldaehinum,
967 4102 1100 4177 sub
1155 4124 1297 4199 quo
1352 4099 1443 4174 ad
1479 4100 1804 4176 infirmos
1838 4099 2220 4195 deferatur,
2278 4091 2711 4199 parandum:
2770 4110 2843 4177 et
2882 4125 3042 4176 eum

153 4219 542 4315 deferetur,
595 4222 842 4320 hymni
896 4232 969 4297 et
1019 4222 1280 4319 psalmi
1334 4222 1639 4298 eanendi
1690 4222 1812 4297 vel
1864 4221 2175 4297 dieeudi.

362 4342 555 4434 Quia
606 4344 801 4419 eirea
862 4343 1004 4420 hoe
1054 4343 1306 4420 Altare
1360 4352 1526 4420 sunt
1576 4344 1715 4420 tria
1762 4344 2198 4419 ministeria:
2255 4368 2468 4421 unum
2525 4343 2840 4441 Collegii
2876 4344 3038 4419 Ma-

151 4463 336 4541 ioris
403 4463 916 4542 Craeoviensis
986 4474 1058 4541 et
1128 4466 1269 4543 duo
1340 4464 2027 4560 Mansionariorum,
2123 4467 2487 4561 volumus,
2561 4474 2639 4541 ut
2711 4467 2806 4541 sit
2872 4466 3045 4562 iuge

153 4587 590 4665 sacrificium
646 4586 740 4663 ad
791 4588 931 4665 hoe
966 4588 1240 4678 Altam,
1296 4596 1368 4664 et
1391 4588 1685 4664 ‘Missae
1736 4588 1832 4663 iis
1884 4588 2299 4665 ministeriis
2350 4611 2675 4664 annexae
2726 4586 3041 4663 fideliter

151 4709 592 4810 impleantur
643 4712 778 4788 sub
832 4712 1229 4811 privatione
1282 4712 1660 4788 fruetuum.

1167 5024 1388 5111 circa
1438 5023 1702 5109 Altam
1759 5022 2020 5107 maius.

361 5234 696 5319 Mensam
765 5261 812 5313 a
881 5235 1134 5314 dextra
1202 5244 1406 5334 parte
1473 5234 1749 5311 Altaris
1771 5292 1790 5331 ,
1874 5232 2108 5309 Altari
2180 5230 2667 5307 Tabernaeuli
2734 5250 3037 5327 respou-

158 5358 464 5455 dentem,
517 5382 651 5459 pro
708 5359 1070 5436 credentia
1119 5358 1280 5435 fieri
1332 5358 1779 5454 curabimus;
1835 5355 1908 5431 in
1945 5378 2092 5451 qua
2140 5361 2577 5451 reponantur
2627 5350 2815 5445 libri,
2868 5374 3037 5424 oan-
