4055 6364
1455 741 1970 818 -27—

1490 949 1930 1053 XXXVL

255 1159 668 1257 statutum,
718 1178 861 1262 quo
900 1159 1246 1241 aboletur
1287 1158 1517 1242 vetus
1564 1157 2033 1240 consuetudo
2072 1159 2155 1239 et
2191 1095 2646 1258 prohibetur,
2696 1175 2788 1239 nc
2827 1157 3158 1240 Praelatl

257 1283 346 1364 et
399 1282 744 1365 canonici
812 1281 1240 1363 indumenta
1303 1279 1858 1379 sacerdotalia,
1935 1279 2098 1361 dum
2156 1299 2313 1362 rem
2380 1298 2686 1362 sacram
2761 1281 3155 1382 nen-aqum,

1089 1403 1351 1485 velare
1416 1402 1741 1484 almutiis
1808 1410 2329 1503 praesumant.

465 1631 790 1706 Thomas
843 1632 987 1705 Dei
1037 1632 1274 1725 gratia
1328 1631 1740 1728 Episcopus
1796 1629 2329 1704 Cracoviensis.
2406 1629 2522 1704 Ad
2576 1637 2997 1727 perpetuam
3051 1628 3158 1702 rei

254 1754 698 1828 memoriam.
756 1753 1010 1828 Veteri
1061 1755 1291 1828 abusu
1347 1763 1420 1826 et
1456 1752 1972 1826 consuetudine
2026 1751 2365 1826 Ecclesia
2402 1759 2651 1826 nostra
2688 1750 3159 1826 Cracoviensi

251 1885 494 1965 tenta,
569 1898 754 1970 quae
809 1874 1262 1949 celebrantes
1313 1875 1385 1948 in
1441 1875 1687 1948 missis
1741 1873 2133 1948 maioribus
2188 1883 2260 1946 et
2313 1873 2617 1948 ministri
2685 1873 3002 1947 almutiis
3056 1873 3160 1946 uti

252 2005 803 2086 consueverant,
858 1996 1232 2070 abolemus
1288 1996 1488 2072 velut
1521 1997 1832 2087 foedam,
1891 1996 2447 2070 abominabilem
2486 2005 2558 2070 et
2593 2005 2954 2090 agrestem
2994 2019 3157 2092 pro-

252 2117 612 2212 hibentes,
669 2143 758 2192 ne
794 2119 868 2193 in
909 2119 1148 2193 officio
1187 2119 1451 2192 missae
1489 2117 1914 2192 Indumenta
1964 2117 2469 2210 sacerdotalia,
2528 2117 2892 2215 passionis
2948 2115 3156 2191 Chri-

253 2241 352 2315 sti
385 2241 706 2336 insignia
742 2241 1380 2336 repraesentantia,
1423 2241 1800 2336 quisquam
1835 2237 2243 2328 Praelatus,
2300 2237 2734 2330 Canonicus‚
2792 2237 3153 2331 Vicarius,

249 2372 380 2436 aut
433 2385 855 2458 quacunque
913 2361 1379 2458 praefulgens
1434 2362 1816 2454 dignitate,
1877 2358 2190 2434 divinam
2246 2385 2398 2434 rem
2455 2383 2804 2434 exercens
2857 2368 2981 2432 aut
3032 2358 3155 2433 ad-

249 2484 709 2577 ministrans,
787 2483 1104 2557 Almutio
1159 2484 1404 2557 velare
1476 2492 1599 2557 aut
1662 2489 1911 2576 tegere
1985 2492 2434 2579 praesumat,
2509 2507 2669 2557 cum
2744 2489 3159 2556 ornamenta

249 2605 782 2679 Ecclesiastica
833 2615 905 2678 et
941 2605 1378 2679 sublimioris
1436 2603 1901 2678 dinoscuntur
1953 2604 2332 2677 ministerii
2389 2612 2461 2678 et
2512 2603 2793 2677 altioris
2851 2605 3155 2693 decoris,

249 2753 469 2824 quam
524 2728 932 2802 velamenta
984 2728 1316 2802 humana.
1375 2728 1640 2801 Datum
1697 2725 2098 2800 Oracoviae
2143 2726 2216 2799 in
2258 2724 2604 2823 Capitulo
2648 2727 2971 2821 generali
3027 2750 3157 2824 pro

255 2851 385 2924 die
445 2849 696 2924 Sancti
752 2848 1100 2924 Stanislai
1154 2851 1227 2922 in
1281 2849 1480 2922 Maio
1534 2848 1747 2922 Anno
1804 2849 2073 2922 domini
2127 2848 2528 2922 -Millesimo
2602 2848 3157 2945 quadringente-

247 2973 441 3048 simo
498 2971 1097 3068 quinquagesimo
1153 2972 1460 3068 septimo
1517 2971 1907 3044 celebrato.

1467 3318 1941 3422 XXXVII.

459 3544 564 3625 nc
619 3544 828 3627 Anno
884 3544 1183 3645 gratiae
1237 3544 1540 3627 loannis
1597 3545 1948 3629 Lutkonis
2005 3546 2349 3648 Episcopi
2404 3546 2957 3646 cracoviensis

1227 3684 1362 3766 pro
1418 3668 1775 3749 universa
1829 3667 2185 3751 dioecesi.

462 3892 790 3968 Joannes
842 3893 989 3965 Dei
1040 3894 1279 3988 gratia
1331 3894 1748 3993 Episcopus
1803 3894 2339 3973 Cracovieusis.
2406 3899 2524 3973 Ad
2579 3907 2998 3997 perpetuam
3051 3900 3160 3975 rei

141 4034 144 4039 ·
251 4015 698 4091 memoriam.
783 4012 1068 4090 Grandi
1130 4015 1626 4093 decedentium
1682 4019 2335 4093 ecclesiasticarum
2417 4020 2799 4095 Dioecesis
2868 4029 3157 4097 nostrae

253 4136 772 4212 Oracoviensis
825 4161 1328 4236 personarum,
1387 4141 1646 4236 quibus
1702 4142 2063 4216 salubrius
2134 4150 2349 4237 atque
2404 4140 2861 4236 diligentius,
2945 4166 3157 4241 quam

255 4283 432 4335 suas
484 4261 734 4357 nequit
784 4261 1096 4357 amplius
1135 4262 1554 4359 depromere
1603 4264 2008 4359 quaerelas,
2067 4262 2447 4360 providere
2484 4272 2699 4360 atque
2736 4288 3157 4341 succurrere

255 4382 420 4458 Nos
457 4383 830 4471 condecet,
887 4382 1182 4457 excitati
1234 4384 1528 4477 iniuria,
1587 4408 1797 4481 quam
1851 4387 2000 4460 illis
2040 4386 2513 4461 succedentes
2564 4388 2977 4484 usurpando
3015 4388 3158 4463 sibi

255 4512 331 4579 et
382 4504 779 4601 pernitiose
854 4526 1100 4578 eorum
1179 4505 1536 4579 deservita
1606 4508 1927 4604 praemia
1979 4515 2053 4581 et
2103 4506 2602 4605 appropiando
2675 4532 2858 4605 quae
2922 4534 3154 4585 meru-

256 4636 464 4719 erant
515 4650 1034 4724 saepenumero
1109 4628 1568 4723 irrogabant,
1644 4630 2095 4704 attendentes
2164 4630 2462 4727 insuper
2522 4631 2935 4726 frequentes
2988 4633 3157 4707 lites

256 4772 446 4847 quae
500 4758 885 4847 propterea
938 4750 1126 4825 inter
1197 4752 1670 4825 succedentes
1725 4774 1816 4825 ex
1869 4776 2033 4844 una,
2092 4760 2163 4827 et
2214 4752 2735 4828 Procuratores
2786 4763 2910 4829 aut
2961 4753 3154 4829 Exe-

257 4878 548 4946 cutores
603 4870 920 4946 defuncti
975 4872 1302 4968 partibus
1355 4872 1447 4945 ab
1484 4873 1735 4966 altera,
1791 4874 2177 4950 multifarie
2232 4874 2784 4966 suscitabantur,
2840 4900 2974 4951 nec
3024 4900 3153 4974 po-

255 5000 495 5068 terant
566 5017 696 5091 per
749 4992 1342 5069 Constitutionem
1401 5016 1532 5068 seu
1584 5004 2171 5091 extravagantem
2243 4996 2293 5072 J
2300 4998 2555 5071 oannis
2623 4996 2873 5095 Papae
2923 4998 3153 5072 XXII

258 5138 446 5212 quae
497 5116 780 5212 incipit:
849 5113 1226 5214 „Suscepti
1259 5116 1739 5212 Regiminis“,
1797 5126 1868 5193 et
1922 5143 1965 5191 a
2019 5118 2347 5193 Concilio
2386 5119 2826 5194 Provinciali
2862 5118 3153 5194 Poloni-

259 5259 390 5311 cae
439 5235 826 5311 Ecclesiae
897 5246 1384 5335 acceptatam,
1459 5239 1589 5313 sed
1659 5264 1794 5313 nec
1864 5264 1994 5336 per
2048 5240 2099 5315 J
2104 5242 2359 5317 oannis
2433 5238 2833 5317 Grothonis
2888 5249 2959 5315 et
3010 5242 3153 5317 Bo-

261 5359 566 5449 dzantae
621 5357 1150 5458 Episcoporum
1221 5358 1838 5455 Cracoviensium,
1895 5360 2543 5439 praedecessorum
2600 5371 3008 5439 nostrorum
3062 5362 3155 5437 de
