4055 6364
2082 743 2182 758 ...
2292 683 2603 778 226.-

891 909 1030 984 tias
1085 931 1230 984 uon
1282 909 1718 986 habentibus
1771 909 2126 1009 Episcopi
2187 907 2724 984 Cracovienses
2775 908 3223 983 Advocatias
3276 918 3349 983 et
3402 905 3799 984 Scultetias

893 1055 1033 1107 non
1091 1032 1412 1127 erigant,
1476 1041 1603 1107 aut
1654 1031 1747 1106 ad
1803 1057 1931 1108 eos
1985 1032 2367 1108 devolutas
2422 1033 2541 1106 vel
2596 1055 2727 1129 per
2778 1031 3085 1106 aliorum
3140 1028 3673 1128 providentiam
3724 1037 3799 1104 et

891 1152 1395 1228 liberalitatem
1448 1152 1883 1252 redemptas,
1958 1177 2101 1228 non
2166 1155 2577 1249 conferant,
2652 1177 2811 1228 cum
2866 1162 3259 1251 proventus
3312 1151 3799 1250 Episcopales

896 1275 986 1350 ad
1042 1276 1510 1372 praemianda
1582 1277 1878 1351 servitia
1951 1278 2497 1374 obsequentium
2554 1277 2693 1350 sibi
2748 1283 2821 1350 et
2872 1276 3254 1350 Ecclesiae
3326 1273 3594 1348 abinde
3650 1275 3796 1348 suf·

890 1397 1158 1493 ficiant,
1213 1397 1406 1495 quod
1459 1398 1528 1473 si
1581 1399 2012 1477 contrarium
2064 1401 2309 1474 facere
2361 1399 2997 1497 praesumpserint,
3055 1396 3468 1496 Capitulum
3528 1396 3791 1472 Craco·

893 1520 1144 1596 viense
1197 1519 1308 1594 illi
1363 1521 1730 1596 donationi
1783 1519 2055 1596 nullum
2113 1521 2441 1596 volumus
2496 1530 2865 1616 praestare
2940 1543 3407 1612 consensum,
3466 1526 3541 1594 et
3591 1541 3796 1616 prae-

895 1643 1138 1718 stitum
1191 1665 1333 1716 non
1390 1641 1656 1718 valere.

2159 1970 2547 2073 XXXV.

899 2180 1004 2261 De
1058 2197 1198 2262 non
1253 2178 1737 2262 conferendis
1791 2179 2094 2264 castris
2151 2180 2759 2283 Episconalibus,
2784 2209 2794 2214 ·
2822 2179 3175 2280 personis
3244 2179 3791 2276 saecular-ibina,

1421 2302 1558 2383 nisi
1615 2301 1999 2385 praetatis
2054 2303 2139 2384 et
2191 2301 2584 2386 canonicis
2638 2299 3289 2384 cracoviensibus.

1111 2511 1430 2608 Antiqua
1513 2520 1586 2586 et
1656 2511 2275 2588 commendatione
2355 2512 2578 2608 digna
2654 2512 3314 2587 Praedecessorum
3396 2519 3797 2586 nostrorum

900 2635 1411 2709 constitutione
1467 2641 1663 2708 extat
1699 2635 2065 2731 provisum
2105 2642 2177 2708 et
2214 2635 2601 2730 decretum,
2657 2643 2736 2710 ut
2784 2634 3047 2709 Castra
3098 2633 3571 2731 Episcopalia
3624 2633 3800 2708 nulli

899 2757 1108 2831 alteri
1180 2778 1534 2854 personae
1589 2756 1731 2828 nisi
1787 2755 2145 2830 Praelatis
2198 2764 2271 2830 et
2325 2755 2718 2832 Canonicis
2773 2753 3385 2831 Cracoviensibus
3438 2779 3571 2853 per
3626 2755 3798 2852 Epi·

903 2901 1224 2976 scopum,
1281 2901 1414 2974 pro
1453 2885 1772 2973 tempore
1813 2880 2258 2971 existentem,
2317 2880 2847 2954 committantur
2880 2878 2955 2953 iu
2994 2881 3313 2973 regimen
3355 2885 3428 2952 et
3460 2887 3798 2952 tenutam.

904 2999 1175 3074 Verum
1231 3001 1400 3096 quia
1453 3007 1704 3073 contra
1755 2998 2165 3074 huiusmodi
2220 2997 2574 3077 Statutum
2650 3002 2942 3098 saepius
3013 2986 3391 3075 excessum
3448 3009 3577 3092 est,
3635 3000 3801 3073 dum

906 3121 1562 3197 Praedecessorum
1615 3127 2020 3196 nostrorum
2085 3123 2474 3197 auctoritas
2528 3124 2943 3199 saeculares
2996 3145 3383 3220 personas,
3458 3121 3799 3196 ecclesia-

905 3246 1109 3319 sticis
1161 3245 1452 3342 spretis,
1511 3243 1791 3317 Castris
1845 3245 2030 3341 ipsis
2085 3246 2565 3342 praeferebat,
2623 3269 2715 3319 ex
2760 3268 2902 3341 quo
2958 3254 3030 3319 et
3065 3246 3583 3343 oppressiones
3632 3244 3800 3318 sub·

906 3369 1117 3442 iectis
1171 3374 1245 3441 et
1297 3365 1678 3441 Ecclesiae
1731 3376 2024 3440 nostrae
2064 3366 2579 3442 decedentibus
2618 3370 2773 3442 eius
2812 3368 3304 3462 Praesulibus,
3344 3368 3587 3441 variae
3621 3366 3801 3440 iniu-

906 3489 1059 3562 riae
1111 3497 1184 3562 et
1235 3487 1557 3583 pericula
1629 3486 2154 3582 succedebant,
2228 3490 2471 3587 prisco
2522 3491 2766 3586 itaque
2835 3490 3207 3563 innitendo
3281 3488 3561 3564 Statuto
3614 3486 3802 3562 ordi·

907 3634 1159 3685 namus
1215 3618 1287 3683 et
1342 3608 1816 3700 decernimus,
1873 3619 1946 3682 et
1996 3609 2047 3685 J
2054 3610 2479 3686 ureiurando
2533 3609 2938 3705 firmamus,
3006 3621 3082 3685 ut
3133 3610 3483 3707 Episcopi
3536 3608 3801 3684 Craco-

907 3734 1198 3807 vienses
1253 3730 1515 3806 Castra
1568 3730 1947 3805 Ecclesiae
1984 3733 2057 3805 in
2095 3735 2421 3828 regimen
2456 3743 2530 3808 et
2566 3743 2850 3809 tenutas
2894 3733 3075 3808 nulli
3126 3734 3337 3807 alteri
3392 3733 3535 3807 nisi
3586 3732 3801 3807 Prae-

907 3855 1080 3929 latis
1133 3864 1204 3928 et
1261 3853 1652 3928 Canonicis
1728 3850 2339 3931 Cracoviensibus
2416 3857 2827 3949 conferant,
2902 3868 2974 3929 et
3042 3856 3133 3929 ad
3204 3855 3282 3929 id
3337 3856 3535 3929 circa
3604 3878 3801 3930 suam

909 3976 1496 4073 assumptionem,
1552 3982 1630 4051 ut
1683 3975 2079 4050 districtius
2134 4000 2213 4051 se
2261 3976 2625 4053 custodire
2678 3978 3145 4069 meminerint,
3203 3978 3395 4074 quod
3434 4001 3516 4052 se
3562 3979 3801 4072 singu-

908 4098 1134 4173 larius
1206 4104 1620 4171 servaturos
1691 4098 2156 4172 astrinxerint
2222 4100 2523 4175 firmiter
2588 4110 2661 4173 et
2714 4100 2994 4174 sincere
3068 4102 3460 4174 observare
3480 4156 3499 4189 ,
3561 4102 3805 4196 Jurent

913 4219 1376 4314 singulariter
1429 4228 1500 4292 et
1534 4220 1970 4316 promittant,
2031 4245 2120 4294 ne
2174 4221 2495 4296 Praelati
2531 4230 2602 4296 et
2640 4221 2990 4295 Canonici
3045 4221 3597 4313 Cracovienses,
3654 4221 3800 4317 qui-

911 4344 1048 4417 bus
1101 4365 1290 4416 nunc
1345 4340 1608 4415 Castra
1658 4343 1823 4438 ipsa
1877 4342 2145 4417 collata
2198 4351 2365 4417 sunt
2416 4346 2645 4418 autin
2684 4354 3047 4441 posterum
3105 4344 3586 4437 conferentur,
3644 4342 3804 4416 aliis

912 4465 1057 4537 nisi
1125 4463 1487 4537 Praelatis
1554 4473 1626 4537 et
1682 4462 2072 4539 Canonicis
2146 4464 2795 4559 Cracoviensibus,
2870 4466 3252 4541 mandante
3322 4476 3559 4540 tamen
3634 4465 3803 4562 Epi-

913 4608 1160 4684 scopo,
1237 4610 1322 4659 ea
1378 4586 1736 4660 dimittant
1785 4594 1878 4660 'et
1940 4574 2350 4683 resignent,
2424 4598 2501 4664 ut
2556 4590 3019 4663 successione
3083 4586 3491 4662 huiusmodi
3562 4591 3807 4662 tenuta

915 4707 1334 4782 Castrorum
1404 4706 1784 4781 Ecclesiae
1840 4708 1930 4783 de
1983 4712 2317 4785 manibus
2388 4708 2894 4785 Praelatorum‘
2941 4718 3014 4785 et
3066 4708 3595 4785 Canonicorum
3668 4709 3807 4783 Ec·

916 4830 1183 4904 clesiae
1258 4828 1731 4905 Cracoviensi
1795 4854 1937 4905 non
1993 4833 2227 4929 possit
2280 4856 2567 4929 quoquo
2641 4832 2851 4906 modo
2925 4833 3245 4907 abstrahi
3308 4842 3431 4907 aut
3482 4832 3807 4906 alienari.

915 4952 1013 5025 Et
1082 4974 1174 5027 ne
1247 4951 1338 5025 dc
1413 4952 1872 5049 duramento,
1948 4956 2142 5050 quod
2214 4956 2517 5051 quilibet
2584 4956 2657 5028 in
2736 4953 3294 5028 Cracoviensem
3366 4954 3811 5051 Episcopum

918 5076 1392 5151 assumendus
1446 5083 1818 5174 praestare
1869 5085 2175 5170 tenetur,
2232 5078 2465 5174 possit
2516 5077 2951 5170 ambiguitas
3007 5076 3351 5171 suboriri,
3408 5076 3615 5151 cuius
3666 5078 3812 5151 for-

916 5222 1101 5272 mam
1157 5199 1624 5273 annectimus.
