4055 6364
1506 774 2080 889 -.··1¹9-

336 1008 489 1059 nes
542 984 697 1059 eius
752 986 1132 1083 impositae
1204 1011 1395 1063 anno
1449 989 1770 1086 quolibet
1822 986 1915 1061 ad
1972 987 2260 1063 triennii
2340 987 2716 1063 decursum
2794 987 3079 1062 omnino
3135 1010 3256 1061 ex-

330 1108 661 1207 plendae
733 1110 1194 1205 assignentur
1246 1118 1317 1187 et
1370 1112 1977 1210 praescribantur,
2051 1110 2240 1207 quod
2297 1132 2580 1187 exnunc
2649 1109 2791 1183 iam
2865 1109 3254 1184 observan-

338 1226 527 1305 dum
576 1231 873 1307 firmiter
924 1234 1453 1309 concluserunt.

1571 1498 2060 1603 CXXXVI.

346 1699 469 1781 ne
522 1696 792 1801 grauis
848 1699 1333 1785 conferendis
1390 1700 1679 1786 statuti
1735 1699 2180 1785 declaratio.
2249 1701 2458 1783 Anno
2514 1700 2786 1785 Domini
2842 1701 3058 1784 1580.
3131 1700 3262 1783 me

1416 1824 1662 1907 Lunae
1717 1824 1771 1907 3
1825 1822 2200 1907 octobris.

576 2031 929 2110 Statutum
984 2036 1351 2134 antiquum
1409 2035 1499 2110 de
1542 2036 1799 2131 gratiis
1853 2033 2338 2111 concedendis
2391 2044 2605 2131 atque
2651 2056 2740 2109 ea
2781 2034 3264 2109 munificentia

334 2180 445 2230 ac
515 2156 985 2253 liberalitate,
1068 2180 1253 2255 quae
1331 2183 1463 2257 per
1530 2156 2208 2233 Reverendissimos
2280 2156 2635 2232 Dominos
2705 2155 3118 2254 Episcopos
3188 2158 3262 2231 iu

334 2278 656 2353 Fratres
710 2280 799 2354 de
834 2276 1111 2375 gremio
1164 2280 1378 2356 huius
1433 2280 1756 2380 Capituli
1808 2279 2167 2355 interdum
2222 2278 2381 2354 fieri
2435 2286 2982 2370 consueverunt,
3039 2302 3264 2375 quan-

338 2399 739 2495 doquidem
790 2424 921 2475 eae
956 2400 1237 2495 gratiae
1290 2403 1577 2478 modum
1636 2401 1992 2477 excedere
2046 2398 2446 2494 videantur,
2503 2398 2917 2493 Reverendi
2969 2400 3266 2476 Domini

339 2519 817 2617 Capitulares
868 2523 945 2598 in
996 2523 1137 2598 hoc
1190 2524 1518 2617 generali
1573 2522 1911 2621 Capitulo
1968 2519 2043 2595 S.
2101 2518 2485 2598 Michaelis
2541 2524 2998 2619 congregati,
3051 2549 3261 2622 prae-

340 2643 841 2719 eustodientes
896 2668 985 2720 ne
1031 2642 1272 2743 perid
1310 2644 1569 2719 Mensa
1624 2645 2070 2742 episcopalis
2124 2642 2415 2719 nimium
2471 2654 2914 2740 extenuetur,
2971 2645 3264 2743 dispeu-

339 2765 689 2860 diumque
756 2765 1057 2859 gravius
1109 2767 1182 2839 in
1236 2766 1391 2841 suis
1448 2768 1920 2865 proventibus
1975 2767 2311 2864 patiatur,
2384 2768 2486 2842 ita
2555 2768 3040 2864 limitandum,
3113 2792 3262 2843 mo·

342 2888 665 2982 dumque
730 2896 1001 2961 certum
1056 2912 1144 2961 ac
1199 2888 1573 2963 terminum
1646 2889 1907 2983 gratiis
1961 2889 2316 2963 eiusmodi
2367 2888 2443 2963 in
2497 2900 2862 2987 posterum
2938 2914 3070 2987 per
3120 2890 3262 2965 Re-

340 3008 920 3083 verendissimos
985 3009 1341 3084 Domiuos
1394 3009 1851 3107 Episcopos,
1908 3012 2003 3085 iis
2057 3019 2292 3085 tamen
2351 3011 2733 3106 duntaxat,
2808 3006 2931 3110 qui
2984 3035 3075 3087 ex
3127 3013 3267 3087 hoc

342 3128 694 3228 Capitulo
765 3128 855 3205 ad
928 3129 1002 3207 id
1066 3155 1375 3228 capaces
1456 3141 1528 3207 et
1596 3132 1737 3206 iam
1812 3140 1977 3208 actu
2051 3132 2473 3233 Presbyteri
2545 3134 2910 3210 constituti
2979 3133 3262 3230 fuerint,

346 3252 859 3347 conferendis,
934 3253 1441 3350 imponendum
1497 3261 1709 3350 atque
1766 3255 2497 3330 circumscribendum
2567 3257 3022 3332 unanimibus
3075 3257 3266 3332 votis

346 3397 451 3448 ac
505 3374 879 3448 sententiis
931 3373 1403 3451 decreverunt
1457 3385 1528 3450 et
1582 3376 2128 3452 concluserunt:
2203 3386 2281 3452 ut
2334 3377 2674 3454 videlicet
2727 3378 2965 3473 gratia
3018 3378 3259 3454 huius·

348 3496 553 3570 modi
626 3495 843 3571 alicui
897 3519 988 3571 ex
1040 3496 1421 3575 Fratribus
1476 3491 1946 3592 conferenda,
2021 3501 2451 3597 computatis
2521 3501 2719 3575 illius
2793 3501 3122 3575 omnibus
3196 3507 3268 3574 et

352 3618 673 3713 singulis
729 3620 1235 3717 proventibus,
1310 3619 1755 3715 redditibus,
1835 3622 2296 3716 crescentiis,
2355 3623 2694 3698 censibus
2747 3647 2836 3697 ac
2890 3621 3266 3718 quibusvis

349 3741 800 3838 generaliter
851 3741 1403 3818 obventionibus
1439 3751 1511 3818 et
1548 3743 2050 3818 emolumentis
2085 3744 2180 3818 ad
2217 3768 2378 3819 eam
2429 3745 2734 3839 gratiam
2790 3741 3266 3840 quovismodo

360 3865 863 3960 spectantibus
899 3871 971 3938 et
1008 3866 1617 3962 provenientibus,
1664 3890 1805 3942 non
1845 3865 1937 3941 ad
1977 3867 2318 3941 maiorem
2358 3889 2726 3962 summam,
2769 3873 3267 3964 praeterquam

354 3984 459 4060 ad
512 3985 1073 4082 quadringentos
1126 3987 1450 4062 florenos
1524 3989 1874 4085 pecuniae
1952 3995 2280 4063 monetae
2336 3995 2408 4062 et
2462 3988 2736 4063 numeri
2811 3986 3262 4085 polonicalis,

354 4108 439 4182 in
494 4108 883 4204 quemlibet
933 4107 1276 4184 florenum
1342 4132 1647 4205 grossos
1718 4110 2016 4205 triginta
2087 4108 2610 4208 computando,
2686 4133 2851 4185 sese
2927 4105 3268 4184 extendat

360 4236 439 4305 et
492 4230 755 4326 elevet3
812 4230 1129 4327 alioquin
1183 4232 1422 4326 gratia
1474 4232 1638 4329 ipsa
1692 4233 2107 4307 nullatenus
2161 4230 2595 4327 admittatur,
2670 4256 2902 4328 neque
2958 4232 3022 4306 si
3074 4231 3268 4305 facta

357 4359 489 4426 aut
541 4373 893 4427 concessa
942 4348 1194 4446 fuerit,
1258 4377 1389 4452 per
1441 4349 1954 4429 Successorem
2027 4349 2476 4451 Episcopum
2547 4361 2892 4446 teneatur,
2941 4375 3266 4428 consen-

356 4473 623 4549 tientes
658 4497 833 4549 vero
871 4475 942 4548 in
978 4476 1285 4570 gratiam
1341 4471 1749 4551 huiusmodi
1802 4477 1999 4551 iuxta
2037 4475 2488 4572 antiquorum
2543 4471 2984 4551 Statutorum
3021 4474 3265 4572 dispo-

356 4595 694 4672 sitionem
752 4596 1168 4672 exclusione
1222 4622 1267 4672 a
1319 4596 1656 4695 Capitulo
1710 4599 2118 4695 puniantur.
