<?xml version="1.0" encoding="UTF-8"?>
<!DOCTYPE html PUBLIC "-//W3C//DTD XHTML 1.0 Transitional//EN"
    "http://www.w3.org/TR/xhtml1/DTD/xhtml1-transitional.dtd">
<html xmlns="http://www.w3.org/1999/xhtml" xml:lang="en" lang="en">
 <head>
  <title>
</title>
<meta http-equiv="Content-Type" content="text/html;charset=utf-8" />
  <meta name='ocr-system' content='tesseract 3.04.00' />
  <meta name='ocr-capabilities' content='ocr_page ocr_carea ocr_par ocr_line ocrx_word'/>
</head>
<body>
  <div class='ocr_page' id='page_1' title='image "./statutacapitula00nykogoog_0080.png"; bbox 0 0 4055 6364; ppageno 0'>
   <div class='ocr_carea' id='block_1_1' title="bbox 1462 758 1982 838">
    <p class='ocr_par' dir='ltr' id='par_1_1' title="bbox 1462 758 1982 838">
     <span class='ocr_line' id='line_1_1' title="bbox 1462 758 1982 838; baseline 0.008 -21"><span class='ocrx_word' id='word_1_1' title='bbox 1462 758 1982 838; x_wconf 48' lang='lat'>457-</span> 
     </span>
    </p>
   </div>
   <div class='ocr_carea' id='block_1_2' title="bbox 253 973 3179 2409">
    <p class='ocr_par' dir='ltr' id='par_1_2' title="bbox 253 973 3179 2409">
     <span class='ocr_line' id='line_1_2' title="bbox 263 973 3179 1070; baseline 0.001 -23"><span class='ocrx_word' id='word_1_2' title='bbox 263 974 476 1066; x_wconf 85' lang='lat' dir='ltr'>mitti,</span> <span class='ocrx_word' id='word_1_3' title='bbox 536 973 810 1049; x_wconf 77' lang='lat' dir='ltr'>directe</span> <span class='ocrx_word' id='word_1_4' title='bbox 863 975 983 1047; x_wconf 88' lang='lat' dir='ltr'>vel</span> <span class='ocrx_word' id='word_1_5' title='bbox 1033 974 1424 1064; x_wconf 76' lang='lat' dir='ltr'>indirecte,</span> <span class='ocrx_word' id='word_1_6' title='bbox 1501 982 1625 1048; x_wconf 88' lang='lat' dir='ltr'>aut</span> <span class='ocrx_word' id='word_1_7' title='bbox 1677 976 1936 1070; x_wconf 85' lang='lat' dir='ltr'>quovis</span> <span class='ocrx_word' id='word_1_8' title='bbox 1991 975 2319 1070; x_wconf 89' lang='lat' dir='ltr'>quaesito</span> <span class='ocrx_word' id='word_1_9' title='bbox 2396 975 2641 1049; x_wconf 90' lang='lat' dir='ltr'>colore</span> <span class='ocrx_word' id='word_1_10' title='bbox 2714 974 3179 1069; x_wconf 88' lang='lat' dir='ltr'>quommodo-</span> 
     </span>
     <span class='ocr_line' id='line_1_3' title="bbox 267 1094 3178 1193; baseline 0 -24"><span class='ocrx_word' id='word_1_11' title='bbox 267 1119 557 1192; x_wconf 86' lang='lat' dir='ltr'>cunque</span> <span class='ocrx_word' id='word_1_12' title='bbox 622 1103 746 1170; x_wconf 86' lang='lat' dir='ltr'>aut</span> <span class='ocrx_word' id='word_1_13' title='bbox 822 1094 1453 1192; x_wconf 77' lang='lat' dir='ltr'>qualitercunque,</span> <span class='ocrx_word' id='word_1_14' title='bbox 1528 1096 1670 1171; x_wconf 88' lang='lat' dir='ltr'>nisi</span> <span class='ocrx_word' id='word_1_15' title='bbox 1726 1094 1817 1170; x_wconf 92' lang='lat' dir='ltr'>de</span> <span class='ocrx_word' id='word_1_16' title='bbox 1869 1095 2121 1169; x_wconf 87' lang='lat' dir='ltr'>Nobili</span> <span class='ocrx_word' id='word_1_17' title='bbox 2192 1118 2462 1191; x_wconf 84' lang='lat' dir='ltr'>genere</span> <span class='ocrx_word' id='word_1_18' title='bbox 2532 1096 2858 1193; x_wconf 88' lang='lat' dir='ltr'>legitimo</span> <span class='ocrx_word' id='word_1_19' title='bbox 2926 1096 3178 1169; x_wconf 85' lang='lat' dir='ltr'>Matri-</span> 
     </span>
     <span class='ocr_line' id='line_1_4' title="bbox 263 1215 3178 1315; baseline -0.001 -22"><span class='ocrx_word' id='word_1_20' title='bbox 263 1219 510 1294; x_wconf 89' lang='lat' dir='ltr'>monio</span> <span class='ocrx_word' id='word_1_21' title='bbox 568 1226 1008 1315; x_wconf 77' lang='lat' dir='ltr'>procreatus·</span> <span class='ocrx_word' id='word_1_22' title='bbox 1045 1242 1136 1291; x_wconf 82' lang='lat' dir='ltr'>ex</span> <span class='ocrx_word' id='word_1_23' title='bbox 1165 1226 1493 1313; x_wconf 77' lang='lat' dir='ltr'>utroque</span> <span class='ocrx_word' id='word_1_24' title='bbox 1549 1217 1880 1309; x_wconf 78' lang='lat' dir='ltr'>Parente,</span> <span class='ocrx_word' id='word_1_25' title='bbox 1937 1227 2062 1291; x_wconf 90' lang='lat' dir='ltr'>aut</span> <span class='ocrx_word' id='word_1_26' title='bbox 2116 1218 2471 1313; x_wconf 79' lang='lat' dir='ltr'>Magister</span> <span class='ocrx_word' id='word_1_27' title='bbox 2522 1219 2873 1293; x_wconf 84' lang='lat' dir='ltr'>formatus</span> <span class='ocrx_word' id='word_1_28' title='bbox 2924 1219 2999 1291; x_wconf 89' lang='lat' dir='ltr'>in</span> <span class='ocrx_word' id='word_1_29' title='bbox 3044 1215 3178 1292; x_wconf 85' lang='lat' dir='ltr'>Sa-</span> 
     </span>
     <span class='ocr_line' id='line_1_5' title="bbox 264 1337 3179 1435; baseline 0 -22"><span class='ocrx_word' id='word_1_30' title='bbox 264 1364 397 1413; x_wconf 85' lang='lat' dir='ltr'>cra</span> <span class='ocrx_word' id='word_1_31' title='bbox 451 1340 756 1433; x_wconf 82' lang='lat' dir='ltr'>Pagina,</span> <span class='ocrx_word' id='word_1_32' title='bbox 816 1340 970 1413; x_wconf 89' lang='lat' dir='ltr'>sive</span> <span class='ocrx_word' id='word_1_33' title='bbox 1023 1340 1230 1414; x_wconf 79' lang='lat' dir='ltr'>Jnris</span> <span class='ocrx_word' id='word_1_34' title='bbox 1286 1338 1635 1413; x_wconf 86' lang='lat' dir='ltr'>Canonici</span> <span class='ocrx_word' id='word_1_35' title='bbox 1689 1340 1808 1412; x_wconf 90' lang='lat' dir='ltr'>vel</span> <span class='ocrx_word' id='word_1_36' title='bbox 1844 1337 2106 1413; x_wconf 80' lang='lat' dir='ltr'>Civilis</span> <span class='ocrx_word' id='word_1_37' title='bbox 2160 1338 2514 1435; x_wconf 75' lang='lat' dir='ltr'>Magister</span> <span class='ocrx_word' id='word_1_38' title='bbox 2569 1340 2852 1432; x_wconf 81' lang='lat' dir='ltr'>existat,</span> <span class='ocrx_word' id='word_1_39' title='bbox 2908 1346 3179 1414; x_wconf 87' lang='lat' dir='ltr'>tantum</span> 
     </span>
     <span class='ocr_line' id='line_1_6' title="bbox 261 1460 3177 1557; baseline 0 -21"><span class='ocrx_word' id='word_1_40' title='bbox 261 1463 454 1537; x_wconf 88' lang='lat' dir='ltr'>duos</span> <span class='ocrx_word' id='word_1_41' title='bbox 507 1462 972 1553; x_wconf 77' lang='lat' dir='ltr'>admittimus,</span> <span class='ocrx_word' id='word_1_42' title='bbox 1030 1462 1246 1534; x_wconf 88' lang='lat' dir='ltr'>etiam</span> <span class='ocrx_word' id='word_1_43' title='bbox 1300 1483 1442 1533; x_wconf 89' lang='lat' dir='ltr'>non</span> <span class='ocrx_word' id='word_1_44' title='bbox 1498 1460 1709 1534; x_wconf 88' lang='lat' dir='ltr'>aliter</span> <span class='ocrx_word' id='word_1_45' title='bbox 1761 1460 1902 1533; x_wconf 89' lang='lat' dir='ltr'>nisi</span> <span class='ocrx_word' id='word_1_46' title='bbox 1958 1484 2089 1557; x_wconf 84' lang='lat' dir='ltr'>per</span> <span class='ocrx_word' id='word_1_47' title='bbox 2123 1461 2375 1535; x_wconf 88' lang='lat' dir='ltr'>literas</span> <span class='ocrx_word' id='word_1_48' title='bbox 2416 1468 2489 1534; x_wconf 92' lang='lat' dir='ltr'>et</span> <span class='ocrx_word' id='word_1_49' title='bbox 2524 1460 2923 1553; x_wconf 85' lang='lat' dir='ltr'>Privilegia</span> <span class='ocrx_word' id='word_1_50' title='bbox 2974 1460 3177 1557; x_wconf 89' lang='lat' dir='ltr'>Apo-</span> 
     </span>
     <span class='ocr_line' id='line_1_7' title="bbox 261 1581 3177 1681; baseline 0 -23"><span class='ocrx_word' id='word_1_51' title='bbox 261 1584 532 1658; x_wconf 88' lang='lat' dir='ltr'>stolica</span> <span class='ocrx_word' id='word_1_52' title='bbox 603 1584 892 1681; x_wconf 85' lang='lat' dir='ltr'>plenam</span> <span class='ocrx_word' id='word_1_53' title='bbox 965 1592 1037 1656; x_wconf 90' lang='lat' dir='ltr'>et</span> <span class='ocrx_word' id='word_1_54' title='bbox 1108 1606 1566 1679; x_wconf 84' lang='lat' dir='ltr'>expressam,</span> <span class='ocrx_word' id='word_1_55' title='bbox 1643 1606 1728 1655; x_wconf 88' lang='lat' dir='ltr'>ac</span> <span class='ocrx_word' id='word_1_56' title='bbox 1787 1581 1874 1655; x_wconf 90' lang='lat' dir='ltr'>de</span> <span class='ocrx_word' id='word_1_57' title='bbox 1929 1585 2153 1657; x_wconf 87' lang='lat' dir='ltr'>verbo</span> <span class='ocrx_word' id='word_1_58' title='bbox 2208 1582 2301 1655; x_wconf 87' lang='lat' dir='ltr'>ad</span> <span class='ocrx_word' id='word_1_59' title='bbox 2355 1584 2652 1657; x_wconf 79' lang='lat' dir='ltr'>verbum-</span> <span class='ocrx_word' id='word_1_60' title='bbox 2726 1582 2815 1655; x_wconf 88' lang='lat' dir='ltr'>de</span> <span class='ocrx_word' id='word_1_61' title='bbox 2888 1581 3177 1658; x_wconf 87' lang='lat' dir='ltr'>Indulto</span> 
     </span>
     <span class='ocr_line' id='line_1_8' title="bbox 259 1701 3174 1801; baseline -0.001 -22"><span class='ocrx_word' id='word_1_62' title='bbox 259 1704 680 1780; x_wconf 88' lang='lat' dir='ltr'>huiusmodi</span> <span class='ocrx_word' id='word_1_63' title='bbox 731 1706 1069 1779; x_wconf 85' lang='lat' dir='ltr'>facientia</span> <span class='ocrx_word' id='word_1_64' title='bbox 1123 1705 1577 1778; x_wconf 87' lang='lat' dir='ltr'>mentionem.</span> <span class='ocrx_word' id='word_1_65' title='bbox 1664 1703 2315 1778; x_wconf 86' lang='lat' dir='ltr'>Constitutionibus</span> <span class='ocrx_word' id='word_1_66' title='bbox 2371 1704 2819 1801; x_wconf 88' lang='lat' dir='ltr'>Apostolicis</span> <span class='ocrx_word' id='word_1_67' title='bbox 2876 1728 2963 1778; x_wconf 91' lang='lat' dir='ltr'>ac</span> <span class='ocrx_word' id='word_1_68' title='bbox 3015 1701 3174 1778; x_wconf 87' lang='lat' dir='ltr'>Sta-</span> 
     </span>
     <span class='ocr_line' id='line_1_9' title="bbox 259 1826 3176 1915; baseline 0 -14"><span class='ocrx_word' id='word_1_69' title='bbox 259 1828 444 1901; x_wconf 86' lang='lat' dir='ltr'>tutis</span> <span class='ocrx_word' id='word_1_70' title='bbox 498 1834 571 1901; x_wconf 89' lang='lat' dir='ltr'>et</span> <span class='ocrx_word' id='word_1_71' title='bbox 623 1827 1264 1902; x_wconf 88' lang='lat' dir='ltr'>consuetudinibus</span> <span class='ocrx_word' id='word_1_72' title='bbox 1338 1828 1573 1901; x_wconf 87' lang='lat' dir='ltr'>dictae</span> <span class='ocrx_word' id='word_1_73' title='bbox 1647 1826 2069 1915; x_wconf 84' lang='lat' dir='ltr'>Ecclesiae,</span> <span class='ocrx_word' id='word_1_74' title='bbox 2146 1826 2357 1899; x_wconf 89' lang='lat' dir='ltr'>etiam</span> <span class='ocrx_word' id='word_1_75' title='bbox 2433 1827 2499 1900; x_wconf 88' lang='lat' dir='ltr'>si</span> <span class='ocrx_word' id='word_1_76' title='bbox 2570 1826 2661 1899; x_wconf 90' lang='lat' dir='ltr'>de</span> <span class='ocrx_word' id='word_1_77' title='bbox 2719 1827 2827 1901; x_wconf 89' lang='lat' dir='ltr'>eis</span> <span class='ocrx_word' id='word_1_78' title='bbox 2884 1836 2953 1901; x_wconf 90' lang='lat' dir='ltr'>et</span> <span class='ocrx_word' id='word_1_79' title='bbox 3005 1828 3176 1902; x_wconf 90' lang='lat' dir='ltr'>totis</span> 
     </span>
     <span class='ocr_line' id='line_1_10' title="bbox 257 1946 3177 2038; baseline 0 -15"><span class='ocrx_word' id='word_1_80' title='bbox 257 1970 516 2023; x_wconf 86' lang='lat' dir='ltr'>eorum</span> <span class='ocrx_word' id='word_1_81' title='bbox 570 1949 982 2038; x_wconf 86' lang='lat' dir='ltr'>tenoribus,</span> <span class='ocrx_word' id='word_1_82' title='bbox 1041 1974 1129 2023; x_wconf 87' lang='lat' dir='ltr'>ac</span> <span class='ocrx_word' id='word_1_83' title='bbox 1185 1950 1274 2022; x_wconf 87' lang='lat' dir='ltr'>de</span> <span class='ocrx_word' id='word_1_84' title='bbox 1327 1950 1553 2022; x_wconf 85' lang='lat' dir='ltr'>verbo</span> <span class='ocrx_word' id='word_1_85' title='bbox 1593 1946 1702 2021; x_wconf 82' lang='lat' dir='ltr'>ad</span> <span class='ocrx_word' id='word_1_86' title='bbox 1757 1949 2050 2022; x_wconf 89' lang='lat' dir='ltr'>verbum</span> <span class='ocrx_word' id='word_1_87' title='bbox 2106 1948 2177 2021; x_wconf 92' lang='lat' dir='ltr'>in</span> <span class='ocrx_word' id='word_1_88' title='bbox 2235 1950 2503 2022; x_wconf 88' lang='lat' dir='ltr'>nostris</span> <span class='ocrx_word' id='word_1_89' title='bbox 2556 1949 2788 2022; x_wconf 89' lang='lat' dir='ltr'>literis</span> <span class='ocrx_word' id='word_1_90' title='bbox 2841 1949 3177 2024; x_wconf 86' lang='lat' dir='ltr'>habenda</span> 
     </span>
     <span class='ocr_line' id='line_1_11' title="bbox 257 2070 3173 2169; baseline -0 -24"><span class='ocrx_word' id='word_1_91' title='bbox 257 2079 468 2145; x_wconf 86' lang='lat' dir='ltr'>esset</span> <span class='ocrx_word' id='word_1_92' title='bbox 519 2071 785 2145; x_wconf 84' lang='lat' dir='ltr'>mentio</span> <span class='ocrx_word' id='word_1_93' title='bbox 825 2072 1187 2169; x_wconf 74' lang='lat' dir='ltr'>specialiS,</span> <span class='ocrx_word' id='word_1_94' title='bbox 1246 2081 1317 2145; x_wconf 91' lang='lat' dir='ltr'>et</span> <span class='ocrx_word' id='word_1_95' title='bbox 1368 2072 1533 2145; x_wconf 89' lang='lat' dir='ltr'>aliis</span> <span class='ocrx_word' id='word_1_96' title='bbox 1601 2070 1981 2145; x_wconf 86' lang='lat' dir='ltr'>contrariis</span> <span class='ocrx_word' id='word_1_97' title='bbox 2036 2094 2177 2145; x_wconf 90' lang='lat' dir='ltr'>non</span> <span class='ocrx_word' id='word_1_98' title='bbox 2234 2071 2686 2145; x_wconf 85' lang='lat' dir='ltr'>obstantibus</span> <span class='ocrx_word' id='word_1_99' title='bbox 2740 2072 3173 2165; x_wconf 90' lang='lat' dir='ltr'>quibuscun-</span> 
     </span>
     <span class='ocr_line' id='line_1_12' title="bbox 257 2180 3175 2289; baseline 0.001 -24"><span class='ocrx_word' id='word_1_100' title='bbox 257 2216 448 2289; x_wconf 88' lang='lat' dir='ltr'>que,</span> <span class='ocrx_word' id='word_1_101' title='bbox 523 2180 795 2268; x_wconf 86' lang='lat' dir='ltr'>irritum</span> <span class='ocrx_word' id='word_1_102' title='bbox 853 2201 926 2268; x_wconf 92' lang='lat' dir='ltr'>et</span> <span class='ocrx_word' id='word_1_103' title='bbox 977 2194 1190 2266; x_wconf 89' lang='lat' dir='ltr'>inane</span> <span class='ocrx_word' id='word_1_104' title='bbox 1261 2194 1731 2267; x_wconf 83' lang='lat' dir='ltr'>decernentes</span> <span class='ocrx_word' id='word_1_105' title='bbox 1803 2216 2127 2287; x_wconf 82' lang='lat' dir='ltr'>exnunc,</span> <span class='ocrx_word' id='word_1_106' title='bbox 2204 2193 2269 2267; x_wconf 92' lang='lat' dir='ltr'>si</span> <span class='ocrx_word' id='word_1_107' title='bbox 2323 2216 2536 2267; x_wconf 88' lang='lat' dir='ltr'>secus</span> <span class='ocrx_word' id='word_1_108' title='bbox 2606 2194 2680 2264; x_wconf 92' lang='lat' dir='ltr'>in</span> <span class='ocrx_word' id='word_1_109' title='bbox 2754 2194 3175 2289; x_wconf 89' lang='lat' dir='ltr'>praemissis</span> 
     </span>
     <span class='ocr_line' id='line_1_13' title="bbox 253 2314 3170 2409; baseline 0.001 -22"><span class='ocrx_word' id='word_1_110' title='bbox 253 2338 304 2387; x_wconf 89' lang='lat' dir='ltr'>a</span> <span class='ocrx_word' id='word_1_111' title='bbox 365 2314 872 2409; x_wconf 84' lang='lat' dir='ltr'>quoquomodo</span> <span class='ocrx_word' id='word_1_112' title='bbox 927 2323 998 2386; x_wconf 90' lang='lat' dir='ltr'>et</span> <span class='ocrx_word' id='word_1_113' title='bbox 1051 2314 1306 2409; x_wconf 88' lang='lat' dir='ltr'>quavis</span> <span class='ocrx_word' id='word_1_114' title='bbox 1362 2315 1784 2389; x_wconf 86' lang='lat' dir='ltr'>auctoritate</span> <span class='ocrx_word' id='word_1_115' title='bbox 1839 2314 2153 2388; x_wconf 87' lang='lat' dir='ltr'>scienter</span> <span class='ocrx_word' id='word_1_116' title='bbox 2209 2315 2324 2387; x_wconf 89' lang='lat' dir='ltr'>vel</span> <span class='ocrx_word' id='word_1_117' title='bbox 2379 2315 2796 2407; x_wconf 87' lang='lat' dir='ltr'>ignoranter</span> <span class='ocrx_word' id='word_1_118' title='bbox 2850 2315 3170 2409; x_wconf 85' lang='lat' dir='ltr'>contige-</span> 
     </span>
    </p>
   </div>
   <div class='ocr_carea' id='block_1_3' title="bbox 121 2435 3172 2537">
    <p class='ocr_par' dir='ltr' id='par_1_3' title="bbox 121 2435 3172 2537">
     <span class='ocr_line' id='line_1_14' title="bbox 121 2435 3172 2537; baseline 0 -28"><span class='ocrx_word' id='word_1_119' title='bbox 121 2528 134 2537; x_wconf 31' lang='lat'><strong>·</strong></span> <span class='ocrx_word' id='word_1_120' title='bbox 255 2435 356 2509; x_wconf 88' lang='lat' dir='ltr'>rit</span> <span class='ocrx_word' id='word_1_121' title='bbox 411 2436 876 2533; x_wconf 85' lang='lat' dir='ltr'>imposterum</span> <span class='ocrx_word' id='word_1_122' title='bbox 951 2438 1304 2510; x_wconf 89' lang='lat' dir='ltr'>attentari.</span> <span class='ocrx_word' id='word_1_123' title='bbox 1401 2435 1601 2509; x_wconf 90' lang='lat' dir='ltr'>Nulli</span> <span class='ocrx_word' id='word_1_124' title='bbox 1675 2459 1850 2530; x_wconf 90' lang='lat' dir='ltr'>ergo</span> <span class='ocrx_word' id='word_1_125' title='bbox 1905 2438 2195 2511; x_wconf 89' lang='lat' dir='ltr'>omnino</span> <span class='ocrx_word' id='word_1_126' title='bbox 2266 2437 2627 2511; x_wconf 90' lang='lat' dir='ltr'>hominum</span> <span class='ocrx_word' id='word_1_127' title='bbox 2700 2436 2917 2511; x_wconf 89' lang='lat' dir='ltr'>liceat</span> <span class='ocrx_word' id='word_1_128' title='bbox 2986 2438 3172 2511; x_wconf 89' lang='lat' dir='ltr'>hanc</span> 
     </span>
    </p>
   </div>
   <div class='ocr_carea' id='block_1_4' title="bbox 253 2554 3170 3144">
    <p class='ocr_par' dir='ltr' id='par_1_4' title="bbox 253 2554 3170 3144">
     <span class='ocr_line' id='line_1_15' title="bbox 255 2554 3169 2655; baseline 0.001 -26"><span class='ocrx_word' id='word_1_129' title='bbox 255 2558 608 2653; x_wconf 83' lang='lat' dir='ltr'>paginam</span> <span class='ocrx_word' id='word_1_130' title='bbox 680 2565 970 2632; x_wconf 88' lang='lat' dir='ltr'>nostrae</span> <span class='ocrx_word' id='word_1_131' title='bbox 1043 2556 1634 2651; x_wconf 84' lang='lat' dir='ltr'>Constitutionis,</span> <span class='ocrx_word' id='word_1_132' title='bbox 1712 2554 1973 2632; x_wconf 84' lang='lat' dir='ltr'>Statuti</span> <span class='ocrx_word' id='word_1_133' title='bbox 2048 2568 2119 2632; x_wconf 91' lang='lat' dir='ltr'>et</span> <span class='ocrx_word' id='word_1_134' title='bbox 2187 2558 2682 2634; x_wconf 90' lang='lat' dir='ltr'>Ordinationis</span> <span class='ocrx_word' id='word_1_135' title='bbox 2752 2560 3169 2655; x_wconf 88' lang='lat' dir='ltr'>infringere,</span> 
     </span>
     <span class='ocr_line' id='line_1_16' title="bbox 254 2670 3170 2781; baseline 0.002 -32"><span class='ocrx_word' id='word_1_136' title='bbox 254 2680 386 2753; x_wconf 87' lang='lat' dir='ltr'>vel</span> <span class='ocrx_word' id='word_1_137' title='bbox 439 2680 511 2752; x_wconf 83' lang='lat' dir='ltr'>ei</span> <span class='ocrx_word' id='word_1_138' title='bbox 565 2702 748 2753; x_wconf 88' lang='lat' dir='ltr'>ausu</span> <span class='ocrx_word' id='word_1_139' title='bbox 801 2670 1182 2755; x_wconf 77' lang='lat' dir='ltr'>temerario</span> <span class='ocrx_word' id='word_1_140' title='bbox 1237 2682 1614 2755; x_wconf 70' lang='lat' dir='ltr'>contraires</span> <span class='ocrx_word' id='word_1_141' title='bbox 1676 2678 1757 2754; x_wconf 89' lang='lat' dir='ltr'>Si</span> <span class='ocrx_word' id='word_1_142' title='bbox 1793 2681 1956 2777; x_wconf 88' lang='lat' dir='ltr'>quis</span> <span class='ocrx_word' id='word_1_143' title='bbox 2002 2690 2238 2757; x_wconf 89' lang='lat' dir='ltr'>autem</span> <span class='ocrx_word' id='word_1_144' title='bbox 2291 2682 2434 2756; x_wconf 92' lang='lat' dir='ltr'>hoc</span> <span class='ocrx_word' id='word_1_145' title='bbox 2486 2689 2909 2781; x_wconf 86' lang='lat' dir='ltr'>attemptare</span> <span class='ocrx_word' id='word_1_146' title='bbox 2963 2705 3170 2779; x_wconf 86' lang='lat' dir='ltr'>prae-</span> 
     </span>
     <span class='ocr_line' id='line_1_17' title="bbox 253 2802 3169 2902; baseline 0 -25"><span class='ocrx_word' id='word_1_147' title='bbox 253 2803 694 2899; x_wconf 82' lang='lat' dir='ltr'>sumpserit,</span> <span class='ocrx_word' id='word_1_148' title='bbox 747 2802 1314 2897; x_wconf 87' lang='lat' dir='ltr'>indignationem</span> <span class='ocrx_word' id='word_1_149' title='bbox 1369 2804 1515 2877; x_wconf 90' lang='lat' dir='ltr'>Dei</span> <span class='ocrx_word' id='word_1_150' title='bbox 1570 2812 1643 2877; x_wconf 88' lang='lat' dir='ltr'>et</span> <span class='ocrx_word' id='word_1_151' title='bbox 1694 2804 2081 2878; x_wconf 90' lang='lat' dir='ltr'>Beatorum</span> <span class='ocrx_word' id='word_1_152' title='bbox 2139 2803 2336 2877; x_wconf 84' lang='lat' dir='ltr'>Petri</span> <span class='ocrx_word' id='word_1_153' title='bbox 2390 2811 2464 2878; x_wconf 91' lang='lat' dir='ltr'>et</span> <span class='ocrx_word' id='word_1_154' title='bbox 2514 2803 2728 2879; x_wconf 87' lang='lat' dir='ltr'>Pauli</span> <span class='ocrx_word' id='word_1_155' title='bbox 2780 2802 3169 2902; x_wconf 84' lang='lat' dir='ltr'>Apostolo-</span> 
     </span>
     <span class='ocr_line' id='line_1_18' title="bbox 255 2924 3168 3003; baseline 0.001 -5"><span class='ocrx_word' id='word_1_156' title='bbox 255 2947 424 2998; x_wconf 88' lang='lat' dir='ltr'>rum</span> <span class='ocrx_word' id='word_1_157' title='bbox 477 2924 638 2999; x_wconf 86' lang='lat' dir='ltr'>eins</span> <span class='ocrx_word' id='word_1_158' title='bbox 693 2947 774 2998; x_wconf 89' lang='lat' dir='ltr'>se</span> <span class='ocrx_word' id='word_1_159' title='bbox 829 2926 1109 2999; x_wconf 81' lang='lat' dir='ltr'>noverit</span> <span class='ocrx_word' id='word_1_160' title='bbox 1159 2927 1632 3001; x_wconf 89' lang='lat' dir='ltr'>incursurum.</span> <span class='ocrx_word' id='word_1_161' title='bbox 1690 2928 1957 3000; x_wconf 88' lang='lat' dir='ltr'>Datum</span> <span class='ocrx_word' id='word_1_162' title='bbox 2016 2924 2357 3001; x_wconf 88' lang='lat' dir='ltr'>Mantuae</span> <span class='ocrx_word' id='word_1_163' title='bbox 2396 2926 2674 3003; x_wconf 90' lang='lat' dir='ltr'>decimo</span> <span class='ocrx_word' id='word_1_164' title='bbox 2713 2935 2971 3002; x_wconf 84' lang='lat' dir='ltr'>octavo</span> <span class='ocrx_word' id='word_1_165' title='bbox 3027 2926 3168 3001; x_wconf 82' lang='lat' dir='ltr'>Oa-</span> 
     </span>
     <span class='ocr_line' id='line_1_19' title="bbox 253 3046 2393 3144; baseline 0 -24"><span class='ocrx_word' id='word_1_166' title='bbox 253 3047 503 3122; x_wconf 90' lang='lat' dir='ltr'>lendis</span> <span class='ocrx_word' id='word_1_167' title='bbox 555 3048 982 3123; x_wconf 86' lang='lat' dir='ltr'>Februariis</span> <span class='ocrx_word' id='word_1_168' title='bbox 1037 3047 1512 3123; x_wconf 86' lang='lat' dir='ltr'>Pontificatus</span> <span class='ocrx_word' id='word_1_169' title='bbox 1567 3050 1794 3123; x_wconf 90' lang='lat' dir='ltr'>nostri</span> <span class='ocrx_word' id='word_1_170' title='bbox 1847 3046 2061 3123; x_wconf 91' lang='lat' dir='ltr'>Anno</span> <span class='ocrx_word' id='word_1_171' title='bbox 2117 3055 2393 3144; x_wconf 89' lang='lat' dir='ltr'>quarto.</span> 
     </span>
    </p>
   </div>
   <div class='ocr_carea' id='block_1_5' title="bbox 1467 3379 1971 3480">
    <p class='ocr_par' dir='ltr' id='par_1_5' title="bbox 1467 3379 1971 3480">
     <span class='ocr_line' id='line_1_20' title="bbox 1467 3379 1971 3480; baseline 0.004 -2"><span class='ocrx_word' id='word_1_172' title='bbox 1467 3379 1971 3480; x_wconf 88' lang='lat' dir='ltr'>LXXVIII.</span> 
     </span>
    </p>
   </div>
   <div class='ocr_carea' id='block_1_6' title="bbox 257 3585 3167 3810">
    <p class='ocr_par' dir='ltr' id='par_1_6' title="bbox 257 3585 3167 3810">
     <span class='ocr_line' id='line_1_21' title="bbox 257 3585 3167 3688; baseline 0 -20"><span class='ocrx_word' id='word_1_173' title='bbox 257 3587 378 3667; x_wconf 82' lang='lat' dir='ltr'>De</span> <span class='ocrx_word' id='word_1_174' title='bbox 417 3604 556 3668; x_wconf 89' lang='lat' dir='ltr'>non</span> <span class='ocrx_word' id='word_1_175' title='bbox 597 3585 1046 3687; x_wconf 79' lang='lat' dir='ltr'>recipiendis</span> <span class='ocrx_word' id='word_1_176' title='bbox 1091 3586 1377 3687; x_wconf 77' lang='lat' dir='ltr'>plebeis</span> <span class='ocrx_word' id='word_1_177' title='bbox 1416 3586 1513 3668; x_wconf 84' lang='lat' dir='ltr'>ad</span> <span class='ocrx_word' id='word_1_178' title='bbox 1552 3586 2063 3669; x_wconf 78' lang='lat' dir='ltr'>canonicatus</span> <span class='ocrx_word' id='word_1_179' title='bbox 2101 3587 2242 3669; x_wconf 82' lang='lat' dir='ltr'>sed</span> <span class='ocrx_word' id='word_1_180' title='bbox 2285 3586 2652 3669; x_wconf 70' lang='lat' dir='ltr'>Nobilibus</span> <span class='ocrx_word' id='word_1_181' title='bbox 2692 3606 2785 3668; x_wconf 84' lang='lat' dir='ltr'>ex</span> <span class='ocrx_word' id='word_1_182' title='bbox 2825 3587 3167 3688; x_wconf 74' lang='lat' dir='ltr'>utrisque</span> 
     </span>
     <span class='ocr_line' id='line_1_22' title="bbox 730 3708 2703 3810; baseline -0.001 -20"><span class='ocrx_word' id='word_1_183' title='bbox 730 3708 1182 3791; x_wconf 79' lang='lat' dir='ltr'>Parentibus</span> <span class='ocrx_word' id='word_1_184' title='bbox 1239 3709 1708 3809; x_wconf 78' lang='lat' dir='ltr'>procreatis,</span> <span class='ocrx_word' id='word_1_185' title='bbox 1768 3708 1982 3810; x_wconf 78' lang='lat' dir='ltr'>idque</span> <span class='ocrx_word' id='word_1_186' title='bbox 2040 3710 2263 3809; x_wconf 75' lang='lat' dir='ltr'>Renni</span> <span class='ocrx_word' id='word_1_187' title='bbox 2321 3709 2703 3810; x_wconf 67' lang='lat' dir='ltr'>indigenis.</span> 
     </span>
    </p>
   </div>
   <div class='ocr_carea' id='block_1_7' title="bbox 243 3916 3168 5338">
    <p class='ocr_par' dir='ltr' id='par_1_7' title="bbox 243 3916 3168 5338">
     <span class='ocr_line' id='line_1_23' title="bbox 474 3916 3168 4016; baseline 0.001 -25"><span class='ocrx_word' id='word_1_188' title='bbox 474 3918 560 3991; x_wconf 92' lang='lat' dir='ltr'>In</span> <span class='ocrx_word' id='word_1_189' title='bbox 615 3918 900 3992; x_wconf 90' lang='lat' dir='ltr'>nomine</span> <span class='ocrx_word' id='word_1_190' title='bbox 973 3919 1268 3993; x_wconf 90' lang='lat' dir='ltr'>Domini</span> <span class='ocrx_word' id='word_1_191' title='bbox 1321 3942 1554 3993; x_wconf 89' lang='lat' dir='ltr'>amen.</span> <span class='ocrx_word' id='word_1_192' title='bbox 1644 3916 1762 3991; x_wconf 90' lang='lat' dir='ltr'>Ad</span> <span class='ocrx_word' id='word_1_193' title='bbox 1817 3926 2235 4016; x_wconf 89' lang='lat' dir='ltr'>perpetuam</span> <span class='ocrx_word' id='word_1_194' title='bbox 2306 3918 2412 3993; x_wconf 90' lang='lat' dir='ltr'>rei</span> <span class='ocrx_word' id='word_1_195' title='bbox 2483 3918 2918 3994; x_wconf 87' lang='lat' dir='ltr'>memoriam.</span> <span class='ocrx_word' id='word_1_196' title='bbox 3009 3919 3168 3994; x_wconf 91' lang='lat' dir='ltr'>Nos</span> 
     </span>
     <span class='ocr_line' id='line_1_24' title="bbox 251 4027 3165 4135; baseline 0.001 -21"><span class='ocrx_word' id='word_1_197' title='bbox 251 4039 776 4134; x_wconf 89' lang='lat' dir='ltr'>Sigismundus</span> <span class='ocrx_word' id='word_1_198' title='bbox 851 4041 994 4116; x_wconf 90' lang='lat' dir='ltr'>Dei</span> <span class='ocrx_word' id='word_1_199' title='bbox 1061 4043 1300 4135; x_wconf 86' lang='lat' dir='ltr'>gratia</span> <span class='ocrx_word' id='word_1_200' title='bbox 1370 4041 1532 4116; x_wconf 83' lang='lat' dir='ltr'>Rex</span> <span class='ocrx_word' id='word_1_201' title='bbox 1602 4041 1992 4133; x_wconf 90' lang='lat' dir='ltr'>Poloniae,</span> <span class='ocrx_word' id='word_1_202' title='bbox 2076 4027 2392 4135; x_wconf 88' lang='lat' dir='ltr'>Magnus</span> <span class='ocrx_word' id='word_1_203' title='bbox 2462 4042 2632 4114; x_wconf 87' lang='lat' dir='ltr'>Dux</span> <span class='ocrx_word' id='word_1_204' title='bbox 2712 4039 3165 4135; x_wconf 86' lang='lat' dir='ltr'>Lithvaniae,</span> 
     </span>
     <span class='ocr_line' id='line_1_25' title="bbox 249 4160 3166 4259; baseline 0.001 -23"><span class='ocrx_word' id='word_1_205' title='bbox 249 4185 546 4236; x_wconf 86' lang='lat' dir='ltr'>necnon</span> <span class='ocrx_word' id='word_1_206' title='bbox 599 4161 989 4237; x_wconf 83' lang='lat' dir='ltr'>Terrarum</span> <span class='ocrx_word' id='word_1_207' title='bbox 1045 4162 1465 4258; x_wconf 86' lang='lat' dir='ltr'>Cracoviae,</span> <span class='ocrx_word' id='word_1_208' title='bbox 1526 4161 2055 4259; x_wconf 88' lang='lat' dir='ltr'>Sandomiriae,</span> <span class='ocrx_word' id='word_1_209' title='bbox 2112 4160 2481 4256; x_wconf 86' lang='lat' dir='ltr'>Siradiae,</span> <span class='ocrx_word' id='word_1_210' title='bbox 2538 4161 2966 4256; x_wconf 89' lang='lat' dir='ltr'>Lanciciae,</span> <span class='ocrx_word' id='word_1_211' title='bbox 3024 4163 3166 4238; x_wconf 82' lang='lat' dir='ltr'>Ou-</span> 
     </span>
     <span class='ocr_line' id='line_1_26' title="bbox 247 4284 3164 4383; baseline 0.001 -25"><span class='ocrx_word' id='word_1_212' title='bbox 247 4285 563 4383; x_wconf 81' lang='lat' dir='ltr'>yaviae,</span> <span class='ocrx_word' id='word_1_213' title='bbox 639 4284 991 4378; x_wconf 87' lang='lat' dir='ltr'>Russiae,</span> <span class='ocrx_word' id='word_1_214' title='bbox 1067 4284 1411 4360; x_wconf 89' lang='lat' dir='ltr'>Prussiae</span> <span class='ocrx_word' id='word_1_215' title='bbox 1483 4309 1571 4358; x_wconf 86' lang='lat' dir='ltr'>ac</span> <span class='ocrx_word' id='word_1_216' title='bbox 1644 4284 2057 4360; x_wconf 82' lang='lat' dir='ltr'>Onlmensis</span> <span class='ocrx_word' id='word_1_217' title='bbox 2113 4294 2185 4360; x_wconf 90' lang='lat' dir='ltr'>et</span> <span class='ocrx_word' id='word_1_218' title='bbox 2236 4286 2748 4380; x_wconf 88' lang='lat' dir='ltr'>Elbingensis,</span> <span class='ocrx_word' id='word_1_219' title='bbox 2823 4286 3164 4361; x_wconf 87' lang='lat' dir='ltr'>Pomera-</span> 
     </span>
     <span class='ocr_line' id='line_1_27' title="bbox 247 4405 3167 4505; baseline 0.001 -25"><span class='ocrx_word' id='word_1_220' title='bbox 247 4408 568 4502; x_wconf 80' lang='lat' dir='ltr'>uiaeque</span> <span class='ocrx_word' id='word_1_221' title='bbox 606 4407 963 4481; x_wconf 90' lang='lat' dir='ltr'>Dominus</span> <span class='ocrx_word' id='word_1_222' title='bbox 1009 4415 1080 4480; x_wconf 92' lang='lat' dir='ltr'>et</span> <span class='ocrx_word' id='word_1_223' title='bbox 1114 4407 1397 4481; x_wconf 87' lang='lat' dir='ltr'>haeres.</span> <span class='ocrx_word' id='word_1_224' title='bbox 1456 4407 1920 4481; x_wconf 90' lang='lat' dir='ltr'>Manifestum</span> <span class='ocrx_word' id='word_1_225' title='bbox 1963 4407 2123 4480; x_wconf 91' lang='lat' dir='ltr'>fieri</span> <span class='ocrx_word' id='word_1_226' title='bbox 2162 4408 2493 4481; x_wconf 89' lang='lat' dir='ltr'>volumus</span> <span class='ocrx_word' id='word_1_227' title='bbox 2528 4405 2939 4499; x_wconf 85' lang='lat' dir='ltr'>Universis,</span> <span class='ocrx_word' id='word_1_228' title='bbox 2997 4409 3167 4505; x_wconf 85' lang='lat' dir='ltr'>quia</span> 
     </span>
     <span class='ocr_line' id='line_1_28' title="bbox 249 4527 3167 4627; baseline 0.001 -23"><span class='ocrx_word' id='word_1_229' title='bbox 249 4530 650 4604; x_wconf 82' lang='lat' dir='ltr'>consulere</span> <span class='ocrx_word' id='word_1_230' title='bbox 704 4530 1032 4604; x_wconf 90' lang='lat' dir='ltr'>volentes</span> <span class='ocrx_word' id='word_1_231' title='bbox 1087 4527 1346 4602; x_wconf 91' lang='lat' dir='ltr'>Ordini</span> <span class='ocrx_word' id='word_1_232' title='bbox 1406 4529 1923 4604; x_wconf 78' lang='lat' dir='ltr'>Ecclesiastico</span> <span class='ocrx_word' id='word_1_233' title='bbox 1975 4529 2216 4624; x_wconf 86' lang='lat' dir='ltr'>Regni</span> <span class='ocrx_word' id='word_1_234' title='bbox 2272 4531 2521 4622; x_wconf 89' lang='lat' dir='ltr'>nostri,</span> <span class='ocrx_word' id='word_1_235' title='bbox 2580 4530 2761 4604; x_wconf 89' lang='lat' dir='ltr'>etin</span> <span class='ocrx_word' id='word_1_236' title='bbox 2817 4530 3167 4627; x_wconf 89' lang='lat' dir='ltr'>dignitate</span> 
     </span>
     <span class='ocr_line' id='line_1_29' title="bbox 251 4648 3168 4749; baseline 0.001 -24"><span class='ocrx_word' id='word_1_237' title='bbox 251 4651 509 4726; x_wconf 86' lang='lat' dir='ltr'>debita</span> <span class='ocrx_word' id='word_1_238' title='bbox 560 4658 632 4724; x_wconf 90' lang='lat' dir='ltr'>ct</span> <span class='ocrx_word' id='word_1_239' title='bbox 667 4673 926 4725; x_wconf 87' lang='lat' dir='ltr'>securo</span> <span class='ocrx_word' id='word_1_240' title='bbox 979 4651 1509 4748; x_wconf 88' lang='lat' dir='ltr'>tranquilloque</span> <span class='ocrx_word' id='word_1_241' title='bbox 1565 4650 1792 4745; x_wconf 83' lang='lat' dir='ltr'>Statu,</span> <span class='ocrx_word' id='word_1_242' title='bbox 1850 4675 1983 4748; x_wconf 85' lang='lat' dir='ltr'>pro</span> <span class='ocrx_word' id='word_1_243' title='bbox 2037 4653 2253 4726; x_wconf 88' lang='lat' dir='ltr'>laude</span> <span class='ocrx_word' id='word_1_244' title='bbox 2311 4648 2845 4749; x_wconf 89' lang='lat' dir='ltr'>Omnipotentis</span> <span class='ocrx_word' id='word_1_245' title='bbox 2896 4653 3040 4727; x_wconf 88' lang='lat' dir='ltr'>Dei</span> <span class='ocrx_word' id='word_1_246' title='bbox 3094 4661 3168 4728; x_wconf 89' lang='lat' dir='ltr'>et</span> 
     </span>
     <span class='ocr_line' id='line_1_30' title="bbox 243 4771 3161 4870; baseline -0 -21"><span class='ocrx_word' id='word_1_247' title='bbox 243 4775 702 4849; x_wconf 87' lang='lat' dir='ltr'>incremento</span> <span class='ocrx_word' id='word_1_248' title='bbox 755 4771 1067 4846; x_wconf 86' lang='lat' dir='ltr'>Sanctae</span> <span class='ocrx_word' id='word_1_249' title='bbox 1120 4773 1332 4848; x_wconf 86' lang='lat' dir='ltr'>Fidei</span> <span class='ocrx_word' id='word_1_250' title='bbox 1407 4772 1863 4867; x_wconf 81' lang='lat' dir='ltr'>Catholicae,</span> <span class='ocrx_word' id='word_1_251' title='bbox 1938 4797 2151 4870; x_wconf 90' lang='lat' dir='ltr'>quam</span> <span class='ocrx_word' id='word_1_252' title='bbox 2206 4774 2618 4849; x_wconf 90' lang='lat' dir='ltr'>firmissime</span> <span class='ocrx_word' id='word_1_253' title='bbox 2673 4783 3161 4868; x_wconf 87' lang='lat' dir='ltr'>conservetur,</span> 
     </span>
     <span class='ocr_line' id='line_1_31' title="bbox 247 4891 3165 4994; baseline 0 -23"><span class='ocrx_word' id='word_1_254' title='bbox 247 4896 480 4990; x_wconf 86' lang='lat' dir='ltr'>idque</span> <span class='ocrx_word' id='word_1_255' title='bbox 531 4895 1022 4989; x_wconf 87' lang='lat' dir='ltr'>intelligentes</span> <span class='ocrx_word' id='word_1_256' title='bbox 1093 4897 1539 4970; x_wconf 88' lang='lat' dir='ltr'>commodius</span> <span class='ocrx_word' id='word_1_257' title='bbox 1607 4897 1765 4970; x_wconf 89' lang='lat' dir='ltr'>fieri</span> <span class='ocrx_word' id='word_1_258' title='bbox 1837 4919 1978 4970; x_wconf 92' lang='lat' dir='ltr'>non</span> <span class='ocrx_word' id='word_1_259' title='bbox 2052 4918 2307 4994; x_wconf 87' lang='lat' dir='ltr'>posse,</span> <span class='ocrx_word' id='word_1_260' title='bbox 2360 4891 2596 4992; x_wconf 77' lang='lat' dir='ltr'>⁴quam</span> <span class='ocrx_word' id='word_1_261' title='bbox 2662 4896 3036 4972; x_wconf 82' lang='lat' dir='ltr'>Clarorum</span> <span class='ocrx_word' id='word_1_262' title='bbox 3094 4907 3165 4973; x_wconf 90' lang='lat' dir='ltr'>et</span> 
     </span>
     <span class='ocr_line' id='line_1_32' title="bbox 249 5016 3159 5116; baseline 0 -24"><span class='ocrx_word' id='word_1_263' title='bbox 249 5017 632 5092; x_wconf 81' lang='lat' dir='ltr'>Nobilium</span> <span class='ocrx_word' id='word_1_264' title='bbox 666 5016 1026 5110; x_wconf 87' lang='lat' dir='ltr'>Virorum,</span> <span class='ocrx_word' id='word_1_265' title='bbox 1083 5019 1154 5090; x_wconf 90' lang='lat' dir='ltr'>in</span> <span class='ocrx_word' id='word_1_266' title='bbox 1207 5041 1293 5091; x_wconf 89' lang='lat' dir='ltr'>eo</span> <span class='ocrx_word' id='word_1_267' title='bbox 1341 5027 1413 5092; x_wconf 90' lang='lat' dir='ltr'>et</span> <span class='ocrx_word' id='word_1_268' title='bbox 1448 5019 1868 5116; x_wconf 87' lang='lat' dir='ltr'>praesertim</span> <span class='ocrx_word' id='word_1_269' title='bbox 1928 5017 2488 5093; x_wconf 82' lang='lat' dir='ltr'>Cathedralibus</span> <span class='ocrx_word' id='word_1_270' title='bbox 2540 5018 2897 5094; x_wconf 88' lang='lat' dir='ltr'>Ecclesiis</span> <span class='ocrx_word' id='word_1_271' title='bbox 2950 5043 3159 5116; x_wconf 84' lang='lat' dir='ltr'>prae-</span> 
     </span>
     <span class='ocr_line' id='line_1_33' title="bbox 247 5139 3161 5239; baseline 0.001 -25"><span class='ocrx_word' id='word_1_272' title='bbox 247 5141 524 5214; x_wconf 85' lang='lat' dir='ltr'>stantia</span> <span class='ocrx_word' id='word_1_273' title='bbox 577 5149 650 5214; x_wconf 86' lang='lat' dir='ltr'>et</span> <span class='ocrx_word' id='word_1_274' title='bbox 702 5139 1007 5232; x_wconf 87' lang='lat' dir='ltr'>delectu,</span> <span class='ocrx_word' id='word_1_275' title='bbox 1066 5141 1349 5234; x_wconf 89' lang='lat' dir='ltr'>egimus</span> <span class='ocrx_word' id='word_1_276' title='bbox 1403 5141 1480 5214; x_wconf 92' lang='lat' dir='ltr'>in</span> <span class='ocrx_word' id='word_1_277' title='bbox 1513 5139 1652 5214; x_wconf 89' lang='lat' dir='ltr'>hae</span> <span class='ocrx_word' id='word_1_278' title='bbox 1705 5163 1784 5214; x_wconf 87' lang='lat' dir='ltr'>re</span> <span class='ocrx_word' id='word_1_279' title='bbox 1839 5164 1971 5237; x_wconf 87' lang='lat' dir='ltr'>pro</span> <span class='ocrx_word' id='word_1_280' title='bbox 2025 5141 2331 5238; x_wconf 85' lang='lat' dir='ltr'>speciali</span> <span class='ocrx_word' id='word_1_281' title='bbox 2386 5141 2912 5235; x_wconf 87' lang='lat' dir='ltr'>constitutione,</span> <span class='ocrx_word' id='word_1_282' title='bbox 2969 5139 3161 5239; x_wconf 89' lang='lat' dir='ltr'>apud</span> 
     </span>
     <span class='ocr_line' id='line_1_34' title="bbox 253 5261 3157 5338; baseline 0 -2"><span class='ocrx_word' id='word_1_283' title='bbox 253 5261 806 5337; x_wconf 74' lang='lat' dir='ltr'>sanctissimum</span> <span class='ocrx_word' id='word_1_284' title='bbox 863 5263 935 5336; x_wconf 90' lang='lat' dir='ltr'>in</span> <span class='ocrx_word' id='word_1_285' title='bbox 993 5261 1284 5338; x_wconf 84' lang='lat' dir='ltr'>Christo</span> <span class='ocrx_word' id='word_1_286' title='bbox 1337 5262 1632 5336; x_wconf 90' lang='lat' dir='ltr'>Patrem</span> <span class='ocrx_word' id='word_1_287' title='bbox 1669 5271 1739 5336; x_wconf 89' lang='lat' dir='ltr'>et</span> <span class='ocrx_word' id='word_1_288' title='bbox 1774 5263 2160 5338; x_wconf 89' lang='lat' dir='ltr'>Dominum</span> <span class='ocrx_word' id='word_1_289' title='bbox 2216 5264 2602 5338; x_wconf 90' lang='lat' dir='ltr'>Dominum</span> <span class='ocrx_word' id='word_1_290' title='bbox 2656 5263 2971 5338; x_wconf 88' lang='lat' dir='ltr'>Leonem</span> <span class='ocrx_word' id='word_1_291' title='bbox 3026 5265 3157 5338; x_wconf 90' lang='lat' dir='ltr'>Di-</span> 
     </span>
    </p>
   </div>
   <div class='ocr_carea' id='block_1_8' title="bbox 252 5381 3157 5569">
    <p class='ocr_par' dir='ltr' id='par_1_8' title="bbox 252 5381 3157 5569">
     <span class='ocr_line' id='line_1_35' title="bbox 252 5381 3157 5569; baseline -0 -109"><span class='ocrx_word' id='word_1_292' title='bbox 252 5385 433 5460; x_wconf 81' lang='lat' dir='ltr'>vina</span> <span class='ocrx_word' id='word_1_293' title='bbox 483 5383 940 5484; x_wconf 87' lang='lat' dir='ltr'>providentia</span> <span class='ocrx_word' id='word_1_294' title='bbox 1013 5381 1381 5460; x_wconf 85' lang='lat' dir='ltr'>Summum</span> <span class='ocrx_word' id='word_1_295' title='bbox 1452 5383 1874 5460; x_wconf 89' lang='lat' dir='ltr'>Pontificem</span> <span class='ocrx_word' id='word_1_296' title='bbox 1951 5385 2306 5461; x_wconf 90' lang='lat' dir='ltr'>decimum</span> <span class='ocrx_word' id='word_1_297' title='bbox 2361 5394 2433 5461; x_wconf 89' lang='lat' dir='ltr'>et</span> <span class='ocrx_word' id='word_1_298' title='bbox 2486 5384 2849 5569; x_wconf 81' lang='lat' dir='ltr'>Sanctam8</span> <span class='ocrx_word' id='word_1_299' title='bbox 2897 5382 3157 5460; x_wconf 86' lang='lat' dir='ltr'>Sedem</span> 
     </span>
    </p>
   </div>
  </div>
 </body>
</html>
