4055 6364
1420 654 1991 735 —293—

461 861 567 927 De
632 861 1193 929 conferendis
1264 861 1750 928 beneficiis
1825 864 1907 926 in
1967 862 2380 928 Ecclesia.
2443 858 2959 927 Catbedrali
3037 860 3154 924 iu·

246 966 943 1047 rispatronatus
1008 964 1554 1049 capitularis
1620 964 1881 1047 (statut.
1929 963 2248 1049 XCVIII).
2313 963 2390 1028 In
2437 964 2557 1031 hoc
2621 964 2869 1031 Statuto
2935 964 3160 1033 talium

244 1067 699 1135 beneficiorum
762 1071 1011 1135 nomine
1073 1070 1331 1136 veniunt
1390 1068 1875 1149 Mansionariae,
1948 1068 2320 1149 Psalteriae,
2389 1068 2812 1150 praebendae,
2861 1066 3158 1149 Capella-

244 1171 389 1235 niae
439 1174 506 1237 et
548 1172 815 1253 Altaria,
862 1192 1021 1258 quae
1066 1174 1277 1256 potius
1326 1171 1642 1239 manualia
1686 1170 1891 1237 officia
1934 1173 2270 1257 apellanda
2315 1174 2483 1239 sunt.
2551 1173 2794 1238 Horum
2841 1172 2989 1238 dum
3037 1171 3158 1236 ali-

248 1276 419 1358 quod
466 1279 799 1357 vacaverit,
870 1280 1151 1361 disponit
1210 1294 1507 1363 praesens
1572 1276 1910 1356 Statutum,
1980 1278 2052 1341 ut
2111 1295 2238 1342 non
2285 1276 2405 1341 nisi
2467 1276 2778 1343 Ministris
2839 1274 3160 1341 Ecclesiae

248 1380 397 1445 actu
466 1382 861 1466 Presbyter-is
925 1382 1328 1448 benemeritis
1376 1384 1440 1447 et
1482 1399 1673 1463 penes
1720 1380 2072 1446 Ecclesiam
2119 1380 2414 1445 continuo
2479 1379 2897 1445 residentibus
2945 1377 3158 1444 confe-

244 1485 488 1564 rantur,
539 1485 705 1553 facta
748 1506 863 1571 per
908 1486 1255 1570 quemlibet
1320 1486 1533 1551 taliter
1578 1484 1897 1567 provisum
1963 1483 2244 1551 officiosa
2287 1484 2599 1562 cautione,
2667 1484 2835 1566 quod
2881 1502 3006 1548 11011
3051 1502 3162 1567 per

248 1587 651 1668 substitutos,
716 1590 825 1654 sed
888 1610 999 1673 per
1048 1592 1251 1657 semet
1292 1590 1499 1673 ipsum
1556 1588 1837 1655 facturus
1882 1589 1965 1655 sit
2009 1588 2282 1653 officium
2331 1606 2556 1666 sunm;
2625 1587 2906 1671 alioquin
2951 1586 3006 1651 si
3049 1606 3163 1669 per

248 1692 557 1757 semestre
602 1692 1024 1759 absentaverit
1068 1714 1159 1773 se,
1230 1694 1369 1776 ipso
1416 1692 1583 1759 facto
1629 1695 1827 1773 vacet,
1892 1693 2066 1759 nullo
2113 1710 2412 1775 processu
2471 1692 2741 1775 desuper
2785 1691 3158 1757 observato:

248 1794 467 1861 taliter
511 1796 674 1861 enim
724 1798 788 1863 et
832 1797 1040 1863 cultus
1102 1796 1221 1863 Dei
1284 1797 1587 1863 attentius
1651 1798 2007 1881 peragetur,
2073 1798 2136 1863 et
2178 1814 2474 1861 numerus
2540 1793 2706 1860 Cleri
2767 1794 2834 1859 in
2877 1794 3162 1860 Ecclesia

248 1898 607 1982 augebitur.

462 2104 567 2171 De
628 2126 905 2190 poena
966 2108 1269 2174 contra
1334 2126 1495 2172 11011
1545 2108 2000 2189 explentes
2065 2106 2619 2172 conditiones
2664 2105 2743 2170 iu
2789 2103 3160 2188 praesti·

246 2210 571 2275 moniis
637 2214 713 2275 et
775 2211 1171 2277 domibus
1236 2212 1493 2295 (Statut.
1542 2210 1825 2296 CXVII).
1878 2212 2009 2277 Has
2057 2211 2166 2293 qui
2212 2228 2332 2275 non
2380 2210 2738 2292 expleverit,
2811 2208 3162 2292 puniendus

249 2311 609 2377 decernitur
656 2314 1003 2396 privatione
1048 2316 1325 2398 possessi
1384 2316 1809 2398 praestimonii
1860 2316 1923 2379 et
1968 2314 2214 2393 domus,
2265 2317 2329 2379 et
2375 2314 2646 2395 optionis
2692 2314 2773 2379 ad
2811 2312 2993 2388 alias,
3035 2311 3159 2377 uisi

246 2414 413 2479 forte
476 2416 649 2482 brevi
712 2419 994 2500 tempore
1055 2420 1167 2484 illa
1230 2420 1595 2501 possederit,
1659 2438 1801 2483 cum
1864 2438 1978 2501 per
2022 2416 2341 2483 Statutum
2387 2416 2699 2496 CXXXV,
2769 2415 3161 2482 conditiones

249 2536 415 2583 anno
464 2520 746 2602 quolibet
808 2522 889 2587 ad
932 2523 1180 2587 triennii
1230 2523 1560 2587 decursum
1624 2522 1931 2605 assignari
1978 2522 2044 2586 et
2087 2521 2316 2605 expleri
2379 2520 2902 2603 praescribantur,
2972 2518 3162 2601 idque

250 2639 327 2686 eo
372 2622 601 2705 rigore,
650 2628 721 2688 ut
766 2644 877 2707 per
912 2626 1162 2691 Statuta
1209 2623 1467 2691 CLVIII
1512 2626 1577 2691 et
1622 2624 1863 2703 CCXV,
1914 2624 2170 2689 eaedem
2216 2623 2607 2691 conditiones
2654 2622 2853 2689 semel
2917 2626 2984 2687 in
3028 2622 3158 2687 col-

248 2724 487 2790 latione
534 2726 757 2793 domus
803 2732 915 2793 aut
957 2729 1144 2795 villae
1190 2732 1570 2814 assignatae,
1624 2748 1938 2811 nunquam
1986 2728 2304 2794 immutari
2348 2730 2458 2793 aut
2501 2726 2725 2793 redimi
2767 2726 2956 2792 liceat
3001 2744 3160 2809 quo-

250 2846 502 2911 cunque
546 2832 892 2914 praetextu.

464 3036 569 3101 De
630 3056 898 3119 poena
978 3040 1283 3103 contra
1362 3040 1849 3123 Deputatos
1912 3037 2476 3122 negligenter
2555 3036 2918 3119 negotia
2982 3036 3161 3104 sibi

252 3157 287 3203 c
307 3157 343 3203 o
370 3158 429 3202 m
450 3159 509 3204 m
534 3139 551 3203 i
574 3160 603 3207 s
626 3159 657 3206 s
678 3160 715 3206 a
778 3144 857 3206 tr
874 3161 909 3207 a
932 3160 965 3206 c
984 3142 1013 3207 t
1032 3160 1069 3207 a
1090 3162 1127 3206 n
1148 3142 1177 3207 t
1196 3161 1229 3208 e
1251 3162 1281 3208 s
1356 3142 1612 3228 (Statut.
1667 3143 1918 3228 CXXl).
1995 3142 2069 3207 In
2115 3142 2278 3208 tales
2335 3160 2632 3225 praesens
2679 3140 3001 3208 Statutum
3048 3141 3157 3208 de·

251 3243 457 3308 cernit
500 3265 731 3326 poenas
794 3246 1169 3311 exclusionis
1214 3266 1251 3312 a
1299 3246 1381 3313 Ca
1394 3248 1611 3330 pitulo,
1680 3247 2044 3330 privationis
2109 3246 2544 3324 refectionum,
2613 3247 2838 3312 domus
2878 3247 2942 3312 et
2988 3265 3160 3330 prae·

252 3347 556 3433 stimonii,
602 3353 667 3415 et
715 3349 1247 3432 compensationis
1296 3351 1508 3416 damni
1554 3370 1664 3433 per
1709 3370 1925 3416 eorum
1970 3349 2416 3434 negligentiam
2467 3353 2726 3416 causati.

466 3556 573 3622 De
618 3557 1188 3623 conterendis
1236 3577 1380 3622 sex
1425 3558 1866 3623 mensibus
1914 3557 2481 3623 alternativis
2532 3576 2676 3640 per
2717 3556 3158 3622 Illustris·

254 3659 519 3726 simos
580 3661 785 3726 Loci
850 3661 1362 3726 Ordinarios
1428 3662 1906 3728 beneficiis
1970 3663 2046 3726 in
2111 3662 2574 3744 provincia
2655 3659 3163 3728 Gnesnensi

256 3764 501 3828 iuxta
566 3764 1016 3830 Indultum
1065 3765 1663 3849 Apostolicum
1726 3765 1986 3847 (Statut.
2029 3765 2338 3849 CXXIV).
2391 3765 2622 3832 Contra
2667 3766 2786 3832 hoc
2830 3766 3155 3831 Indultum

252 3865 439 3930 Anno
486 3867 832 3932 Millesimo
878 3869 1392 3953 Quingentesimo
1438 3869 1740 3951 vigesimo
1788 3871 1984 3946 sexto,
2055 3889 2166 3952 per
2210 3870 2688 3936 Serenissimum
2755 3871 2994 3956 Regem
3059 3870 3162 3935 Si-

254 3970 662 4052 gismundum
717 3971 996 4036 Primum
1042 3991 1079 4037 a
1114 3972 1325 4038 Leone
1364 3971 1623 4038 Decimo
1670 3971 1873 4038 felicis
1930 3973 2269 4039 memoriae
2313 3974 2740 4057 impetratum,
2791 3976 2855 4038 et
2892 3973 3163 4039 Statutis

254 4072 459 4155 Regni
502 4072 821 4138 firmatum
870 4076 935 4139 et
978 4076 1311 4153 munitum,
1364 4075 1416 4140 si
1462 4075 1798 4158 aliquando
1848 4095 2180 4157 processus
2230 4076 2456 4142 Curiae
2501 4077 2842 4154 Romanae,
2891 4078 2991 4142 vel
3040 4079 3159 4141 im·

253 4179 639 4259 patrationes
685 4177 1091 4260 Apostolicae
1140 4198 1327 4262 super
1373 4179 1727 4260 recipiendo
1786 4179 1998 4262 aliquo
2066 4183 2128 4244 in
2181 4180 2536 4246 Praelatum
2604 4181 2702 4245 vel
2749 4179 3154 4268 Canonicum‚

254 4280 589 4345 intimatae
636 4280 926 4364 Capitulo
976 4283 1207 4360 essent,
1278 4301 1438 4364 quae
1493 4286 1884 4349 continerent
1952 4284 2272 4367 quidpiam
2318 4285 2554 4350 Indulti
2599 4285 2860 4370 praefati
2907 4304 3162 4350 enerva-

253 4385 487 4460 tivum,
542 4387 651 4449 aut-
698 4385 939 4451 iuribus
985 4386 1185 4468 Regni
1234 4386 1649 4451 contrarium:
1699 4386 1981 4469 disponit
2026 4406 2323 4470 praesens
2371 4387 2708 4468 Statutum‚
2758 4389 2918 4456 tales
2963 4389 3164 4472 impe·

252 4486 563 4552 trationes
602 4507 725 4553 11011
764 4488 1155 4570 recipiendas
1199 4488 1595 4570 simpliciter,
1640 4490 1750 4554 sed
1789 4491 2136 4572 praemissa
2171 4494 2629 4574 protestatione
2665 4495 2742 4560 de
2773 4495 3166 4562 reverentiali

254 4609 412 4674 erga
458 4591 755 4656 Sanctam
814 4591 1037 4657 Sedem
1103 4591 1377 4674 Capituli
1441 4593 1817 4672 obedientia,
1884 4594 1949 4660 in
1993 4595 2194 4661 forma
2256 4599 2732 4682 supplicationis
2787 4600 2868 4665 ad
2915 4600 3162 4666 Curiam

254 4693 608 4760 Romanam
656 4713 770 4778 pro
816 4695 1256 4777 impetratione
1303 4697 1712 4763 remittendas
1758 4716 1919 4763 esse.

466 4901 567 4966 De
614 4902 1206 4985 qualitatibus
1272 4901 1354 4968 in
1401 4904 2058 4978 distributione
2105 4909 2529 4975 villarum
2585 4913 3154 4979 attendendis

258 5003 519 5086 (Statut.
568 5004 855 5089 CXXV),
926 5005 1220 5072 nimirum
1268 5011 1337 5072 ut
1383 5012 1743 5077 occurrente
1787 5012 2114 5078 vacatione
2175 5013 2364 5080 villae
2429 5017 2538 5081 aut
2582 5014 2826 5096 110111116,
2897 5035 2972 5083 ea
3014 5035 3165 5083 con.

254 5106 403 5170 i'erri
468 5107 695 5173 debeat
758 5107 1221 5191 Capitularibus
1287 5130 1410 5176 non
1458 5113 1575 5176 nisi
1642 5116 1787 5179 actu
1840 5116 2254 5199 l‘resbyteris,
2324 5116 2526 5202 iisque
2572 5121 2991 5199 cantantibus,
3043 5139 3168 5187 non

258 5213 471 5275 autem
508 5212 806 5277 Diaconis
848 5219 959 5277 aut
997 5213 1433 5296 Subdiaconis‚
1486 5217 1633 5282 licet
1668 5219 1994 5285 vocatione
2033 5221 2476 5304 superioribus.
2530 5223 2713 5290 Tales
2755 5224 3166 5290 nihilominus
