4055 6364
2107 726 2667 805 -304—

1857 984 2286 1057 iuramentum
2335 983 2587 1056 notai-ll
2635 983 2932 1073 capituli.

1145 1178 1279 1264 Ego
1325 1177 1405 1243 N.
1454 1178 1589 1244 iuro
1636 1178 1772 1243 Deo
1810 1196 1975 1256 meo,
2026 1178 2196 1261 quod
2243 1177 2526 1257 consilia,
2577 1178 2716 1243 acta
2763 1178 2826 1242 et
2861 1178 3105 1243 secreta
3151 1174 3430 1261 Capituli
3467 1172 3850 1241 Cracovien-

939 1282 1027 1348 sis
1074 1284 1229 1349 nulli
1274 1284 1565 1349 extraneo
1614 1282 1907 1365 pandam,
1959 1282 2242 1365 Actaque
2288 1279 2566 1365 Capituli
2628 1279 2899 1346 fideliter
2943 1299 3053 1365 pro
3101 1298 3288 1363 posse
3351 1280 3416 1344 et
3460 1278 3856 1346 conscientia

938 1406 1081 1451 mea
1125 1386 1535 1465 conscribam,
1586 1404 1787 1470 neque
1834 1388 2123 1469 cuiquam
2169 1386 2426 1469 propter
2471 1384 2778 1468 privatum
2827 1383 3127 1462 studium,
3177 1382 3315 1449 aine
3361 1400 3672 1449 consensu
3715 1383 3855 1448 Be·

938 1492 1348 1557 verendorum
1396 1490 1807 1557 Dominorum
1852 1486 2332 1573 capitularium,
2385 1489 2464 1555 ob
2509 1488 2786 1554 favorem
2825 1489 2923 1554 vel
2963 1488 3171 1553 odium
3213 1488 3590 1565 adhaerebo,
3633 1489 3748 1551 aut
3783 1486 3854 1549 in

940 1596 1206 1679 gratiam
1273 1595 1465 1661 ullius
1523 1594 1825 1678 quidquid
1888 1594 2136 1660 faciam.
2211 1592 2314 1659 Sic
2379 1612 2478 1659 me
2531 1593 2705 1658 Deus
2768 1592 3022 1659 adiuvet
3083 1592 3150 1657 et
3201 1593 3356 1657 baec
3421 1589 3654 1657 Sancta
3724 1589 3852 1655 Dei

942 1697 1303 1785 Evangelia.

1094 1991 1326 2063 Forma
1369 1990 1714 2061 lui-amenti
1765 1990 2189 2062 Punctatorie
2237 1988 2828 2061 iilustrieslmornm
2876 2003 2957 2059 ac
3004 1988 3716 2060 Reverendlaaimorum

948 2094 1351 2166 Dominarum
1400 2094 1851 2165 Praelatorum
1889 2096 1963 2165 et
1998 2094 2470 2165 canonicorum
2523 2092 2867 2164 Ecclesiae
2912 2091 3324 2164 cathedralis
3365 2090 3857 2163 cracoviensis.

1156 2286 1237 2353 Ja
1281 2285 1361 2351 N.
1412 2286 1488 2351 N.
1539 2287 1813 2372 przyiety
1862 2306 1943 2352 na
1992 2286 2378 2351 Punktatora
2439 2283 2866 2352 Illustrissimi
2914 2283 3184 2368 Capituli
3233 2282 3641 2350 Cathedralia
3689 2280 3852 2348 Cra-

949 2390 1277 2469 coviensiS,
1346 2389 1767 2474 wykonywam
1835 2387 2152 2477 niuieysza
2197 2390 2552 2477 Przysiege,
2619 2389 2762 2455 iako
2810 2390 2956 2455 dnia
3019 2388 3294 2472 katdego
3358 2408 3399 2473 y
3445 2408 3530 2453 na
3588 2388 3856 2453 haidem

960 2493 1456 2570 Nabotenstwie,
1524 2492 1634 2573 tak
1678 2511 1731 2556 w
1778 2494 1885 2560 dni
1944 2494 2355 2579 powszednie,
2421 2492 2563 2559 iako
2613 2513 2664 2557 w
2709 2492 3026 2559 Niedziele
3071 2514 3110 2578 y
3173 2474 3420 2578 Simiam,
3491 2494 3860 2576 przytomne

948 2598 1164 2681 Osoby
1211 2616 1264 2661 w
1312 2596 1602 2663 Kosciele
1650 2597 2072 2664 Illustrissimi
2121 2596 2424 2681 Capituli,
2497 2616 2638 2664 oraz
2683 2597 2950 2663 Κοιξοίόὶ
2997 2597 3356 2684 wizytuiaee
3402 2597 3509 2662 dla
3553 2596 3862 2681 zyskania

952 2702 1291 2786 Prezencyi
1336 2702 1577 2787 podlug
1622 2701 1935 2769 Statutow
1978 2704 2170 2786 pilnie
2213 2723 2253 2787 y
2291 2703 2537 2768 wiernie
2583 2703 2886 2783 notowac,
2937 2702 3279 2786 zapisywac
3323 2722 3364 2787 y
3399 2702 3674 2785 Regestr
3707 2702 3861 2785 tych

953 2826 1034 2871 na
1080 2806 1541 2893 Proknratorya
1586 2806 1836 2872 wiernie
1884 2807 2181 2873 oddawac
2228 2806 2408 2892 bede.
2475 2806 2675 2872 Ktore
2719 2808 2784 2871 to
2829 2807 3182 2871 notowanie
3237 2805 3592 2871 aumiennie
3640 2806 3862 2889 caynic

918 2911 1130 2997 bede,
1184 2912 1284 2977 nie
1329 2911 1622 2997 uwodzac
1669 2910 1761 2996 sie
1826 2910 1926 2977 ani
1977 2912 2342 2997 wzgledami
2409 2909 2899 2994 ktoreykolwiek
2960 2910 3177 2993 osoby‚
3245 2910 3348 2975 ani
3395 2910 3696 2985 datkiem,
3749 2910 3858 2977 ani

950 3014 1269 3186 giesshassie
1314 3015 1422 3081 lub
1468 3015 1615 3101 inna⁸
1660 3014 1803 3099 iaka
1846 3017 2168 3103 prywatna
2215 3015 2527 3101 pobudka.
2575 3014 2708 3079 'l'ak
2759 3014 2844 3079 mi
2893 3014 3086 3080 Panie
3133 3013 3298 3079 Bote
3357 3012 3672 3095 dopomot
3716 3033 3753 3097 y
3797 3016 3865 3078 ta

999 3168 1015 3186 .
1065 3118 1448 3204 Evangelia.

1097 3412 1329 3482 Forma
1372 3411 1715 3482 iuramenti
1761 3411 1843 3482 ad
1889 3412 2326 3483 deducendam
2373 3410 2774 3482 nobilitatem
2821 3411 3224 3482 Dominarum
3273 3410 3736 3482 Praelaterum

1808 3515 1881 3585 et
1925 3514 2392 3587 canonicorum
2441 3513 2993 3586 cracoviensium.

1162 3724 1384 3791 Testes
1428 3723 1775 3792 nobilitatis
1821 3724 2054 3790 debent
2099 3743 2240 3790 esse
2279 3725 2749 3810 consanguinei,
2801 3726 2912 3790 aut
2951 3724 3175 3791 saltem
3211 3723 3475 3791 Nobiles
3512 3725 3676 3791 bene
3713 3743 3872 3806 pos-

956 3827 1292 3896 sessionati
1338 3849 1413 3895 ex
1459 3829 1681 3896 eodem
1729 3829 2112 3910 Palatinatu,
2164 3830 2274 3896 aut
2319 3829 2514 3913 aliqui
2559 3829 2637 3895 de
2683 3829 2922 3914 gremio
2971 3825 3270 3912 Capituli.

2018 4083 2025 4088 ·
2159 4069 2676 4156 Interrogatoria.

1166 4258 1391 4326 Utrum
1439 4259 1875 4344 suscipiendus
1922 4257 2007 4324 sit
2053 4258 2130 4324 de
2175 4259 2372 4326 nobili
2433 4259 2671 4326 familia
2716 4278 2792 4325 ex
2833 4261 3099 4344 utroque
3144 4257 3343 4326 nobili
3407 4262 3666 4344 parente
3717 4281 3869 4345 pro·

960 4361 1253 4444 genitus?
1299 4362 1574 4431 Nomina
1618 4381 1885 4448 quorum
1931 4363 2121 4429 simul
2168 4363 2231 4430 et
2275 4366 2550 4428 aviarum
2617 4363 3064 4446 exprimantur,
3131 4365 3594 4448 stemmataque
3641 4367 3865 4432 osten-

964 4466 1210 4532 dantur.

1167 4570 1267 4635 An
1314 4571 1447 4637 eius
1492 4574 1783 4655 parentes
1828 4572 1893 4636 in
1937 4573 2108 4652 villa,
2155 4573 2384 4652 castro,
2437 4571 2688 4656 oppido,
2755 4571 2926 4638 iuxta
2974 4592 3216 4639 morem
3273 4555 3598 4640 Nobilium
3643 4592 3864 4641 eorum

961 4672 1205 4757 legibus
1256 4675 1318 4740 et
1361 4675 1601 4742 iuribus
1645 4676 1924 4742 viventes
1970 4675 2352 4742 habitarint?

1168 4779 1269 4844 An
1317 4781 1703 4846 exercuerint
1746 4781 1914 4846 artes
1977 4782 2042 4846 et
2087 4780 2383 4861 actioneS,
2448 4798 2605 4862 quas
2663 4781 3078 4846 communiter
3122 4780 3303 4848 Cives
3369 4781 3434 4846 in
3481 4779 3864 4848 Civitatibus

963 4880 1320 4948 habitantes
1366 4902 1647 4950 exercere
1692 4883 1916 4964 solent,
1967 4902 2082 4949 nec
2127 4887 2245 4950 ne?

1171 5089 1213 5156 J
1218 5109 1254 5155 a
1298 5089 1377 5157 N.
1428 5090 1820 5178 przysiegam
1866 5089 2046 5157 Panu
2084 5091 2284 5174 Bogn,
2333 5091 2705 5174 powiedziec
2738 5112 2779 5176 y
2818 5093 3028 5176 wydac
3071 5093 3436 5176 prawdziwe
3473 5093 3865 5160 swindeetwo

968 5211 1005 5259 o
1050 5194 1390 5260 urodzenin
1454 5193 1866 5280 Slachetnego
1928 5194 1991 5262 J.
2043 5195 2130 5261 M.
2173 5195 2254 5261 X.
2303 5194 2386 5262 N.
2434 5195 2517 5263 N.
2577 5196 2911 5263 Kanonika
2971 5197 3486 5282 Krakowslriego,
3551 5217 3594 5283 y
3641 5217 3678 5266 o
3725 5199 3866 5284 iege

968 5297 1251 5363 caterech
1285 5296 1600 5378 herbiech,
1651 5299 1829 5367 ktore
1865 5319 1970 5366 ma
2004 5319 2038 5364 z
2075 5299 2378 5366 rodzicow
2413 5321 2455 5384 y
2492 5301 2820 5384 przodkow
2863 5301 3070 5386 ewycb
3115 5301 3541 5386 slachetnycb‚
3581 5323 3622 5387 y
3659 5323 3696 5368 z
3732 5303 3872 5368 kto-

4037 470 4039 475 ,
4004 0 4039 415 ,,ῴ---Α
