<?xml version="1.0" encoding="UTF-8"?>
<!DOCTYPE html PUBLIC "-//W3C//DTD XHTML 1.0 Transitional//EN"
    "http://www.w3.org/TR/xhtml1/DTD/xhtml1-transitional.dtd">
<html xmlns="http://www.w3.org/1999/xhtml" xml:lang="en" lang="en">
 <head>
  <title>
</title>
<meta http-equiv="Content-Type" content="text/html;charset=utf-8" />
  <meta name='ocr-system' content='tesseract 3.04.00' />
  <meta name='ocr-capabilities' content='ocr_page ocr_carea ocr_par ocr_line ocrx_word'/>
</head>
<body>
  <div class='ocr_page' id='page_1' title='image "./statutacapitula00nykogoog_0053.png"; bbox 0 0 4055 6364; ppageno 0'>
   <div class='ocr_carea' id='block_1_1' title="bbox 872 903 3779 3422">
    <p class='ocr_par' dir='ltr' id='par_1_1' title="bbox 872 903 3779 3422">
     <span class='ocr_line' id='line_1_1' title="bbox 873 903 3779 1005; baseline 0 -23"><span class='ocrx_word' id='word_1_1' title='bbox 873 908 1088 982; x_wconf 88' lang='lat' dir='ltr'>konis</span> <span class='ocrx_word' id='word_1_2' title='bbox 1159 908 1328 982; x_wconf 91' lang='lat' dir='ltr'>olim</span> <span class='ocrx_word' id='word_1_3' title='bbox 1400 906 1844 1005; x_wconf 74' lang='lat' dir='ltr'><strong>Episcopum</strong></span> <span class='ocrx_word' id='word_1_4' title='bbox 1901 903 2500 998; x_wconf 73' lang='lat' dir='ltr'>cracoviensem,</span> <span class='ocrx_word' id='word_1_5' title='bbox 2574 907 3036 1004; x_wconf 85' lang='lat' dir='ltr'>privilegiata</span> <span class='ocrx_word' id='word_1_6' title='bbox 3104 906 3197 982; x_wconf 88' lang='lat' dir='ltr'>de</span> <span class='ocrx_word' id='word_1_7' title='bbox 3248 931 3440 982; x_wconf 87' lang='lat' dir='ltr'>anno</span> <span class='ocrx_word' id='word_1_8' title='bbox 3492 907 3779 1002; x_wconf 86' lang='lat' dir='ltr'>gratiae</span> 
     </span>
     <span class='ocr_line' id='line_1_2' title="bbox 875 1026 3772 1125; baseline 0 -22"><span class='ocrx_word' id='word_1_9' title='bbox 875 1037 948 1104; x_wconf 89' lang='lat' dir='ltr'>et</span> <span class='ocrx_word' id='word_1_10' title='bbox 1000 1039 1202 1125; x_wconf 90' lang='lat' dir='ltr'>parte</span> <span class='ocrx_word' id='word_1_11' title='bbox 1257 1026 1491 1103; x_wconf 89' lang='lat' dir='ltr'>media</span> <span class='ocrx_word' id='word_1_12' title='bbox 1545 1029 2075 1120; x_wconf 81' lang='lat' dir='ltr'>remanentiam,</span> <span class='ocrx_word' id='word_1_13' title='bbox 2132 1029 2203 1101; x_wconf 92' lang='lat' dir='ltr'>in</span> <span class='ocrx_word' id='word_1_14' title='bbox 2262 1029 2473 1103; x_wconf 90' lang='lat' dir='ltr'>bonis</span> <span class='ocrx_word' id='word_1_15' title='bbox 2528 1028 2907 1103; x_wconf 77' lang='lat' dir='ltr'>Ecclesiae</span> <span class='ocrx_word' id='word_1_16' title='bbox 2964 1028 3177 1102; x_wconf 86' lang='lat' dir='ltr'>etiam</span> <span class='ocrx_word' id='word_1_17' title='bbox 3234 1038 3401 1124; x_wconf 86' lang='lat' dir='ltr'>post</span> <span class='ocrx_word' id='word_1_18' title='bbox 3447 1038 3772 1116; x_wconf 84' lang='lat' dir='ltr'>mortem,</span> 
     </span>
     <span class='ocr_line' id='line_1_3' title="bbox 873 1150 3769 1248; baseline 0 -24"><span class='ocrx_word' id='word_1_19' title='bbox 873 1160 944 1224; x_wconf 92' lang='lat' dir='ltr'>et</span> <span class='ocrx_word' id='word_1_20' title='bbox 979 1150 1304 1225; x_wconf 83' lang='lat' dir='ltr'>volentes</span> <span class='ocrx_word' id='word_1_21' title='bbox 1342 1151 1600 1224; x_wconf 81' lang='lat' dir='ltr'>exinde</span> <span class='ocrx_word' id='word_1_22' title='bbox 1657 1150 1872 1226; x_wconf 86' lang='lat' dir='ltr'>saluti</span> <span class='ocrx_word' id='word_1_23' title='bbox 1931 1161 2221 1224; x_wconf 84' lang='lat' dir='ltr'>nostrae</span> <span class='ocrx_word' id='word_1_24' title='bbox 2276 1151 2676 1243; x_wconf 86' lang='lat' dir='ltr'>consulere,</span> <span class='ocrx_word' id='word_1_25' title='bbox 2737 1152 3138 1242; x_wconf 77' lang='lat' dir='ltr'><strong>statuimus,</strong></span> <span class='ocrx_word' id='word_1_26' title='bbox 3195 1151 3385 1247; x_wconf 88' lang='lat' dir='ltr'>quod</span> <span class='ocrx_word' id='word_1_27' title='bbox 3431 1175 3563 1248; x_wconf 88' lang='lat' dir='ltr'>pro</span> <span class='ocrx_word' id='word_1_28' title='bbox 3599 1173 3769 1248; x_wconf 90' lang='lat' dir='ltr'>ope·</span> 
     </span>
     <span class='ocr_line' id='line_1_4' title="bbox 873 1270 3771 1369; baseline 0 -23"><span class='ocrx_word' id='word_1_29' title='bbox 873 1273 1072 1347; x_wconf 89' lang='lat' dir='ltr'>ribus</span> <span class='ocrx_word' id='word_1_30' title='bbox 1127 1271 1664 1346; x_wconf 81' lang='lat' dir='ltr'>misericordiae</span> <span class='ocrx_word' id='word_1_31' title='bbox 1720 1273 1930 1346; x_wconf 88' lang='lat' dir='ltr'>annis</span> <span class='ocrx_word' id='word_1_32' title='bbox 1994 1272 2304 1366; x_wconf 88' lang='lat' dir='ltr'>singulis</span> <span class='ocrx_word' id='word_1_33' title='bbox 2357 1272 2578 1347; x_wconf 87' lang='lat' dir='ltr'>finitis</span> <span class='ocrx_word' id='word_1_34' title='bbox 2634 1272 2993 1369; x_wconf 89' lang='lat' dir='ltr'>Capitulis</span> <span class='ocrx_word' id='word_1_35' title='bbox 3064 1273 3334 1346; x_wconf 89' lang='lat' dir='ltr'>nostris</span> <span class='ocrx_word' id='word_1_36' title='bbox 3388 1270 3771 1346; x_wconf 79' lang='lat' dir='ltr'>Generali-</span> 
     </span>
     <span class='ocr_line' id='line_1_5' title="bbox 874 1392 3775 1490; baseline 0 -24"><span class='ocrx_word' id='word_1_37' title='bbox 874 1395 1046 1485; x_wconf 89' lang='lat' dir='ltr'>bus,</span> <span class='ocrx_word' id='word_1_38' title='bbox 1102 1395 1314 1469; x_wconf 87' lang='lat' dir='ltr'>tertia</span> <span class='ocrx_word' id='word_1_39' title='bbox 1370 1393 1485 1466; x_wconf 89' lang='lat' dir='ltr'>die</span> <span class='ocrx_word' id='word_1_40' title='bbox 1541 1392 1857 1490; x_wconf 85' lang='lat' dir='ltr'>Capituli</span> <span class='ocrx_word' id='word_1_41' title='bbox 1913 1401 2079 1490; x_wconf 89' lang='lat' dir='ltr'>post</span> <span class='ocrx_word' id='word_1_42' title='bbox 2129 1393 2503 1490; x_wconf 70' lang='lat' dir='ltr'>Vesper-as</span> <span class='ocrx_word' id='word_1_43' title='bbox 2576 1394 2969 1469; x_wconf 87' lang='lat' dir='ltr'>debeamus</span> <span class='ocrx_word' id='word_1_44' title='bbox 3039 1417 3291 1468; x_wconf 89' lang='lat' dir='ltr'>omnes</span> <span class='ocrx_word' id='word_1_45' title='bbox 3364 1403 3438 1468; x_wconf 91' lang='lat' dir='ltr'>et</span> <span class='ocrx_word' id='word_1_46' title='bbox 3510 1394 3775 1488; x_wconf 83' lang='lat' dir='ltr'>singuli</span> 
     </span>
     <span class='ocr_line' id='line_1_6' title="bbox 873 1513 3774 1612; baseline 0 -24"><span class='ocrx_word' id='word_1_47' title='bbox 873 1522 1204 1589; x_wconf 85' lang='lat' dir='ltr'>cessante</span> <span class='ocrx_word' id='word_1_48' title='bbox 1257 1515 1579 1610; x_wconf 88' lang='lat' dir='ltr'>legitimo</span> <span class='ocrx_word' id='word_1_49' title='bbox 1633 1515 2185 1612; x_wconf 82' lang='lat' dir='ltr'>impedimentO,</span> <span class='ocrx_word' id='word_1_50' title='bbox 2242 1517 2311 1588; x_wconf 90' lang='lat' dir='ltr'>in</span> <span class='ocrx_word' id='word_1_51' title='bbox 2372 1525 2617 1590; x_wconf 88' lang='lat' dir='ltr'>nostra</span> <span class='ocrx_word' id='word_1_52' title='bbox 2670 1513 3009 1591; x_wconf 87' lang='lat' dir='ltr'>Ecclesia</span> <span class='ocrx_word' id='word_1_53' title='bbox 3082 1517 3473 1590; x_wconf 87' lang='lat' dir='ltr'>convenire</span> <span class='ocrx_word' id='word_1_54' title='bbox 3528 1525 3601 1590; x_wconf 91' lang='lat' dir='ltr'>et</span> <span class='ocrx_word' id='word_1_55' title='bbox 3650 1517 3774 1588; x_wconf 89' lang='lat' dir='ltr'>de·-</span> 
     </span>
     <span class='ocr_line' id='line_1_7' title="bbox 874 1635 3771 1736; baseline 0 -24"><span class='ocrx_word' id='word_1_56' title='bbox 874 1647 1164 1712; x_wconf 88' lang='lat' dir='ltr'>cantare</span> <span class='ocrx_word' id='word_1_57' title='bbox 1221 1635 1538 1730; x_wconf 84' lang='lat' dir='ltr'>Vigilias</span> <span class='ocrx_word' id='word_1_58' title='bbox 1594 1637 1986 1710; x_wconf 82' lang='lat' dir='ltr'>solenniter</span> <span class='ocrx_word' id='word_1_59' title='bbox 2058 1659 2313 1710; x_wconf 85' lang='lat' dir='ltr'>novem</span> <span class='ocrx_word' id='word_1_60' title='bbox 2368 1636 2755 1711; x_wconf 89' lang='lat' dir='ltr'>lectionum</span> <span class='ocrx_word' id='word_1_61' title='bbox 2830 1663 2959 1736; x_wconf 92' lang='lat' dir='ltr'>pro</span> <span class='ocrx_word' id='word_1_62' title='bbox 3014 1640 3395 1713; x_wconf 87' lang='lat' dir='ltr'>animabus</span> <span class='ocrx_word' id='word_1_63' title='bbox 3448 1638 3771 1712; x_wconf 90' lang='lat' dir='ltr'>fidelium</span> 
     </span>
     <span class='ocr_line' id='line_1_8' title="bbox 874 1753 3769 1854; baseline 0 -22"><span class='ocrx_word' id='word_1_64' title='bbox 874 1759 1398 1851; x_wconf 85' lang='lat' dir='ltr'>defunctorum,</span> <span class='ocrx_word' id='word_1_65' title='bbox 1448 1753 1545 1832; x_wconf 59' lang='lat' dir='ltr'>‘ac</span> <span class='ocrx_word' id='word_1_66' title='bbox 1598 1759 2051 1854; x_wconf 89' lang='lat' dir='ltr'>postmodum</span> <span class='ocrx_word' id='word_1_67' title='bbox 2105 1759 2183 1832; x_wconf 91' lang='lat' dir='ltr'>in</span> <span class='ocrx_word' id='word_1_68' title='bbox 2236 1761 2552 1834; x_wconf 88' lang='lat' dir='ltr'>crastino</span> <span class='ocrx_word' id='word_1_69' title='bbox 2598 1761 2670 1832; x_wconf 90' lang='lat' dir='ltr'>iu</span> <span class='ocrx_word' id='word_1_70' title='bbox 2710 1783 2918 1834; x_wconf 89' lang='lat' dir='ltr'>mane</span> <span class='ocrx_word' id='word_1_71' title='bbox 2956 1761 3285 1835; x_wconf 86' lang='lat' dir='ltr'>similiter</span> <span class='ocrx_word' id='word_1_72' title='bbox 3338 1762 3769 1836; x_wconf 79' lang='lat' dir='ltr'>convenien-</span> 
     </span>
     <span class='ocr_line' id='line_1_9' title="bbox 873 1879 3773 1976; baseline -0.001 -20"><span class='ocrx_word' id='word_1_73' title='bbox 873 1889 984 1956; x_wconf 87' lang='lat' dir='ltr'>tes</span> <span class='ocrx_word' id='word_1_74' title='bbox 1039 1881 1425 1954; x_wconf 87' lang='lat' dir='ltr'>deeantare</span> <span class='ocrx_word' id='word_1_75' title='bbox 1481 1882 1552 1954; x_wconf 91' lang='lat' dir='ltr'>in</span> <span class='ocrx_word' id='word_1_76' title='bbox 1611 1881 1859 1954; x_wconf 88' lang='lat' dir='ltr'>eadem</span> <span class='ocrx_word' id='word_1_77' title='bbox 1931 1879 2271 1954; x_wconf 83' lang='lat' dir='ltr'>Ecclesia</span> <span class='ocrx_word' id='word_1_78' title='bbox 2337 1881 2636 1954; x_wconf 85' lang='lat' dir='ltr'>Missam</span> <span class='ocrx_word' id='word_1_79' title='bbox 2714 1882 3245 1976; x_wconf 65' lang='lat' dir='ltr'>defunctorum</span> <span class='ocrx_word' id='word_1_80' title='bbox 3320 1905 3605 1957; x_wconf 88' lang='lat' dir='ltr'>necnon</span> <span class='ocrx_word' id='word_1_81' title='bbox 3658 1881 3773 1954; x_wconf 90' lang='lat' dir='ltr'>die</span> 
     </span>
     <span class='ocr_line' id='line_1_10' title="bbox 875 2001 3767 2101; baseline 0 -25"><span class='ocrx_word' id='word_1_82' title='bbox 875 2001 1198 2099; x_wconf 87' lang='lat' dir='ltr'>sequenti</span> <span class='ocrx_word' id='word_1_83' title='bbox 1253 2002 1327 2074; x_wconf 93' lang='lat' dir='ltr'>in</span> <span class='ocrx_word' id='word_1_84' title='bbox 1381 2025 1589 2074; x_wconf 87' lang='lat' dir='ltr'>mane</span> <span class='ocrx_word' id='word_1_85' title='bbox 1645 2001 2011 2075; x_wconf 88' lang='lat' dir='ltr'>decantari</span> <span class='ocrx_word' id='word_1_86' title='bbox 2068 2003 2184 2075; x_wconf 84' lang='lat' dir='ltr'>vel</span> <span class='ocrx_word' id='word_1_87' title='bbox 2239 2003 2384 2096; x_wconf 87' lang='lat' dir='ltr'>legi</span> <span class='ocrx_word' id='word_1_88' title='bbox 2438 2003 2669 2077; x_wconf 87' lang='lat' dir='ltr'>Missa</span> <span class='ocrx_word' id='word_1_89' title='bbox 2724 2027 2855 2101; x_wconf 89' lang='lat' dir='ltr'>pro</span> <span class='ocrx_word' id='word_1_90' title='bbox 2912 2005 3271 2101; x_wconf 88' lang='lat' dir='ltr'>peccatis,</span> <span class='ocrx_word' id='word_1_91' title='bbox 3326 2029 3461 2101; x_wconf 90' lang='lat' dir='ltr'>per</span> <span class='ocrx_word' id='word_1_92' title='bbox 3512 2027 3767 2101; x_wconf 89' lang='lat' dir='ltr'>procn-</span> 
     </span>
     <span class='ocr_line' id='line_1_11' title="bbox 876 2121 3769 2222; baseline 0.001 -26"><span class='ocrx_word' id='word_1_93' title='bbox 876 2133 1156 2198; x_wconf 89' lang='lat' dir='ltr'>ratores</span> <span class='ocrx_word' id='word_1_94' title='bbox 1229 2121 1546 2220; x_wconf 82' lang='lat' dir='ltr'>Capituli</span> <span class='ocrx_word' id='word_1_95' title='bbox 1618 2122 1708 2197; x_wconf 86' lang='lat' dir='ltr'>ad</span> <span class='ocrx_word' id='word_1_96' title='bbox 1781 2134 2057 2219; x_wconf 89' lang='lat' dir='ltr'>partem</span> <span class='ocrx_word' id='word_1_97' title='bbox 2123 2123 2569 2221; x_wconf 85' lang='lat' dir='ltr'>disponatur.</span> <span class='ocrx_word' id='word_1_98' title='bbox 2660 2125 2757 2198; x_wconf 88' lang='lat' dir='ltr'>Et</span> <span class='ocrx_word' id='word_1_99' title='bbox 2827 2127 3233 2222; x_wconf 88' lang='lat' dir='ltr'>quicunque</span> <span class='ocrx_word' id='word_1_100' title='bbox 3302 2125 3645 2200; x_wconf 88' lang='lat' dir='ltr'>Nostrum</span> <span class='ocrx_word' id='word_1_101' title='bbox 3697 2126 3769 2199; x_wconf 90' lang='lat' dir='ltr'>in</span> 
     </span>
     <span class='ocr_line' id='line_1_12' title="bbox 875 2241 3769 2340; baseline 0.001 -22"><span class='ocrx_word' id='word_1_102' title='bbox 875 2245 1184 2319; x_wconf 87' lang='lat' dir='ltr'>Civitate</span> <span class='ocrx_word' id='word_1_103' title='bbox 1240 2241 1706 2319; x_wconf 87' lang='lat' dir='ltr'>Cracoviensi</span> <span class='ocrx_word' id='word_1_104' title='bbox 1760 2245 2059 2340; x_wconf 84' lang='lat' dir='ltr'>Vigiliis</span> <span class='ocrx_word' id='word_1_105' title='bbox 2115 2255 2185 2318; x_wconf 92' lang='lat' dir='ltr'>et</span> <span class='ocrx_word' id='word_1_106' title='bbox 2240 2247 2491 2320; x_wconf 86' lang='lat' dir='ltr'>Missis</span> <span class='ocrx_word' id='word_1_107' title='bbox 2548 2270 2685 2321; x_wconf 91' lang='lat' dir='ltr'>non</span> <span class='ocrx_word' id='word_1_108' title='bbox 2739 2247 3183 2339; x_wconf 85' lang='lat' dir='ltr'>interfuerit,</span> <span class='ocrx_word' id='word_1_109' title='bbox 3261 2247 3501 2322; x_wconf 86' lang='lat' dir='ltr'>solvat</span> <span class='ocrx_word' id='word_1_110' title='bbox 3556 2246 3769 2320; x_wconf 86' lang='lat' dir='ltr'>Com·</span> 
     </span>
     <span class='ocr_line' id='line_1_13' title="bbox 872 2366 3769 2467; baseline 0 -27"><span class='ocrx_word' id='word_1_111' title='bbox 872 2366 1199 2442; x_wconf 90' lang='lat' dir='ltr'>munitati</span> <span class='ocrx_word' id='word_1_112' title='bbox 1271 2376 1558 2440; x_wconf 87' lang='lat' dir='ltr'>nostrae</span> <span class='ocrx_word' id='word_1_113' title='bbox 1631 2366 2029 2440; x_wconf 85' lang='lat' dir='ltr'>Fraternae</span> <span class='ocrx_word' id='word_1_114' title='bbox 2104 2391 2317 2442; x_wconf 74' lang='lat' dir='ltr'>tinum</span> <span class='ocrx_word' id='word_1_115' title='bbox 2388 2370 2741 2443; x_wconf 89' lang='lat' dir='ltr'>fertonem</span> <span class='ocrx_word' id='word_1_116' title='bbox 2809 2393 3227 2463; x_wconf 87' lang='lat' dir='ltr'>grossorum</span> <span class='ocrx_word' id='word_1_117' title='bbox 3285 2371 3769 2467; x_wconf 83' lang='lat' dir='ltr'>pragensium,</span> 
     </span>
     <span class='ocr_line' id='line_1_14' title="bbox 873 2487 3772 2586; baseline -0 -22"><span class='ocrx_word' id='word_1_118' title='bbox 873 2513 1082 2586; x_wconf 89' lang='lat' dir='ltr'>quem</span> <span class='ocrx_word' id='word_1_119' title='bbox 1138 2487 1230 2563; x_wconf 90' lang='lat' dir='ltr'>ad</span> <span class='ocrx_word' id='word_1_120' title='bbox 1286 2489 1706 2563; x_wconf 85' lang='lat' dir='ltr'>solvendum</span> <span class='ocrx_word' id='word_1_121' title='bbox 1763 2491 1827 2563; x_wconf 88' lang='lat' dir='ltr'>si</span> <span class='ocrx_word' id='word_1_122' title='bbox 1885 2490 2211 2580; x_wconf 83' lang='lat' dir='ltr'>noluerit,</span> <span class='ocrx_word' id='word_1_123' title='bbox 2284 2515 2411 2586; x_wconf 87' lang='lat' dir='ltr'>per</span> <span class='ocrx_word' id='word_1_124' title='bbox 2464 2489 2859 2565; x_wconf 87' lang='lat' dir='ltr'>Censuram</span> <span class='ocrx_word' id='word_1_125' title='bbox 2918 2493 3487 2566; x_wconf 88' lang='lat' dir='ltr'>eeclesiasticam</span> <span class='ocrx_word' id='word_1_126' title='bbox 3544 2491 3772 2568; x_wconf 83' lang='lat' dir='ltr'>nostri</span> 
     </span>
     <span class='ocr_line' id='line_1_15' title="bbox 874 2611 3769 2711; baseline -0 -25"><span class='ocrx_word' id='word_1_127' title='bbox 874 2612 1190 2709; x_wconf 86' lang='lat' dir='ltr'>Capituli</span> <span class='ocrx_word' id='word_1_128' title='bbox 1261 2612 1760 2708; x_wconf 86' lang='lat' dir='ltr'>compellatur3</span> <span class='ocrx_word' id='word_1_129' title='bbox 1836 2613 1951 2688; x_wconf 89' lang='lat' dir='ltr'>cui</span> <span class='ocrx_word' id='word_1_130' title='bbox 2007 2614 2067 2686; x_wconf 88' lang='lat' dir='ltr'>si</span> <span class='ocrx_word' id='word_1_131' title='bbox 2123 2612 2495 2706; x_wconf 85' lang='lat' dir='ltr'>resisterit,</span> <span class='ocrx_word' id='word_1_132' title='bbox 2566 2623 2813 2688; x_wconf 85' lang='lat' dir='ltr'>eareat</span> <span class='ocrx_word' id='word_1_133' title='bbox 2868 2615 3060 2689; x_wconf 90' lang='lat' dir='ltr'>omni</span> <span class='ocrx_word' id='word_1_134' title='bbox 3129 2615 3575 2711; x_wconf 75' lang='lat' dir='ltr'>promotione</span> <span class='ocrx_word' id='word_1_135' title='bbox 3632 2611 3769 2686; x_wconf 90' lang='lat' dir='ltr'>Ca-</span> 
     </span>
     <span class='ocr_line' id='line_1_16' title="bbox 873 2734 3769 2832; baseline -0 -23"><span class='ocrx_word' id='word_1_136' title='bbox 873 2736 1078 2832; x_wconf 90' lang='lat' dir='ltr'>pituli</span> <span class='ocrx_word' id='word_1_137' title='bbox 1153 2735 1598 2832; x_wconf 88' lang='lat' dir='ltr'>temporibus</span> <span class='ocrx_word' id='word_1_138' title='bbox 1668 2736 1861 2808; x_wconf 89' lang='lat' dir='ltr'>vitae</span> <span class='ocrx_word' id='word_1_139' title='bbox 1925 2758 2124 2811; x_wconf 85' lang='lat' dir='ltr'>suae.</span> <span class='ocrx_word' id='word_1_140' title='bbox 2217 2734 2313 2808; x_wconf 90' lang='lat' dir='ltr'>Et</span> <span class='ocrx_word' id='word_1_141' title='bbox 2365 2743 2442 2810; x_wconf 90' lang='lat' dir='ltr'>ut</span> <span class='ocrx_word' id='word_1_142' title='bbox 2496 2735 2909 2810; x_wconf 89' lang='lat' dir='ltr'>necessaria</span> <span class='ocrx_word' id='word_1_143' title='bbox 2978 2737 3248 2810; x_wconf 88' lang='lat' dir='ltr'>lumina</span> <span class='ocrx_word' id='word_1_144' title='bbox 3319 2759 3449 2832; x_wconf 91' lang='lat' dir='ltr'>pro</span> <span class='ocrx_word' id='word_1_145' title='bbox 3526 2735 3769 2828; x_wconf 84' lang='lat' dir='ltr'>divino</span> 
     </span>
     <span class='ocr_line' id='line_1_17' title="bbox 875 2856 3771 2956; baseline -0 -27"><span class='ocrx_word' id='word_1_146' title='bbox 875 2858 1064 2931; x_wconf 90' lang='lat' dir='ltr'>cultu</span> <span class='ocrx_word' id='word_1_147' title='bbox 1123 2880 1214 2931; x_wconf 83' lang='lat' dir='ltr'>ex</span> <span class='ocrx_word' id='word_1_148' title='bbox 1267 2866 1514 2930; x_wconf 89' lang='lat' dir='ltr'>nostra</span> <span class='ocrx_word' id='word_1_149' title='bbox 1568 2856 1873 2954; x_wconf 83' lang='lat' dir='ltr'>speciali</span> <span class='ocrx_word' id='word_1_150' title='bbox 1939 2856 2325 2951; x_wconf 82' lang='lat' dir='ltr'>largitione</span> <span class='ocrx_word' id='word_1_151' title='bbox 2379 2857 2798 2950; x_wconf 86' lang='lat' dir='ltr'>habeantur,</span> <span class='ocrx_word' id='word_1_152' title='bbox 2873 2859 3177 2956; x_wconf 90' lang='lat' dir='ltr'>quilibet</span> <span class='ocrx_word' id='word_1_153' title='bbox 3232 2858 3645 2934; x_wconf 87' lang='lat' dir='ltr'>Canonicus</span> <span class='ocrx_word' id='word_1_154' title='bbox 3698 2864 3771 2930; x_wconf 90' lang='lat' dir='ltr'>et</span> 
     </span>
     <span class='ocr_line' id='line_1_18' title="bbox 873 2976 3767 3077; baseline 0 -26"><span class='ocrx_word' id='word_1_155' title='bbox 873 2978 1274 3070; x_wconf 90' lang='lat' dir='ltr'>Praelatus,</span> <span class='ocrx_word' id='word_1_156' title='bbox 1334 2979 1643 3072; x_wconf 89' lang='lat' dir='ltr'>singulis</span> <span class='ocrx_word' id='word_1_157' title='bbox 1681 2976 2173 3076; x_wconf 88' lang='lat' dir='ltr'>Capitulorum</span> <span class='ocrx_word' id='word_1_158' title='bbox 2218 2980 2664 3073; x_wconf 83' lang='lat' dir='ltr'>generalium</span> <span class='ocrx_word' id='word_1_159' title='bbox 2719 2982 3183 3077; x_wconf 75' lang='lat' dir='ltr'>tempor-ibuS‚</span> <span class='ocrx_word' id='word_1_160' title='bbox 3240 2981 3647 3055; x_wconf 86' lang='lat' dir='ltr'>contribuat</span> <span class='ocrx_word' id='word_1_161' title='bbox 3696 2987 3767 3052; x_wconf 92' lang='lat' dir='ltr'>et</span> 
     </span>
     <span class='ocr_line' id='line_1_19' title="bbox 881 3100 3765 3197; baseline 0 -23"><span class='ocrx_word' id='word_1_162' title='bbox 881 3101 1210 3197; x_wconf 88' lang='lat' dir='ltr'>assignet</span> <span class='ocrx_word' id='word_1_163' title='bbox 1262 3100 1556 3175; x_wconf 88' lang='lat' dir='ltr'>realiter</span> <span class='ocrx_word' id='word_1_164' title='bbox 1607 3100 2068 3176; x_wconf 88' lang='lat' dir='ltr'>Procuratori</span> <span class='ocrx_word' id='word_1_165' title='bbox 2122 3100 2240 3174; x_wconf 89' lang='lat' dir='ltr'>vel</span> <span class='ocrx_word' id='word_1_166' title='bbox 2277 3101 2876 3178; x_wconf 90' lang='lat' dir='ltr'>Procuratoribus</span> <span class='ocrx_word' id='word_1_167' title='bbox 2928 3103 3399 3177; x_wconf 85' lang='lat' dir='ltr'>fraternitatis</span> <span class='ocrx_word' id='word_1_168' title='bbox 3452 3111 3765 3194; x_wconf 88' lang='lat' dir='ltr'>nostrae,</span> 
     </span>
     <span class='ocr_line' id='line_1_20' title="bbox 872 3223 3769 3321; baseline 0.001 -24"><span class='ocrx_word' id='word_1_169' title='bbox 872 3232 1024 3298; x_wconf 92' lang='lat' dir='ltr'>tres</span> <span class='ocrx_word' id='word_1_170' title='bbox 1071 3246 1375 3318; x_wconf 89' lang='lat' dir='ltr'>grossos</span> <span class='ocrx_word' id='word_1_171' title='bbox 1430 3223 1900 3318; x_wconf 84' lang='lat' dir='ltr'>boemicales,</span> <span class='ocrx_word' id='word_1_172' title='bbox 1959 3226 2079 3321; x_wconf 88' lang='lat' dir='ltr'>qui</span> <span class='ocrx_word' id='word_1_173' title='bbox 2136 3225 2345 3298; x_wconf 88' lang='lat' dir='ltr'>etiam</span> <span class='ocrx_word' id='word_1_174' title='bbox 2403 3227 2614 3300; x_wconf 90' lang='lat' dir='ltr'>annis</span> <span class='ocrx_word' id='word_1_175' title='bbox 2668 3228 2978 3321; x_wconf 86' lang='lat' dir='ltr'>singulis</span> <span class='ocrx_word' id='word_1_176' title='bbox 3050 3228 3285 3301; x_wconf 90' lang='lat' dir='ltr'>Nobis</span> <span class='ocrx_word' id='word_1_177' title='bbox 3340 3226 3769 3300; x_wconf 87' lang='lat' dir='ltr'>tenebuntur</span> 
     </span>
     <span class='ocr_line' id='line_1_21' title="bbox 874 3344 2012 3422; baseline 0.002 -3"><span class='ocrx_word' id='word_1_178' title='bbox 874 3344 964 3419; x_wconf 86' lang='lat' dir='ltr'>de</span> <span class='ocrx_word' id='word_1_179' title='bbox 1019 3344 1290 3420; x_wconf 89' lang='lat' dir='ltr'>eisdem</span> <span class='ocrx_word' id='word_1_180' title='bbox 1345 3347 1585 3422; x_wconf 87' lang='lat' dir='ltr'>facere</span> <span class='ocrx_word' id='word_1_181' title='bbox 1640 3346 2012 3421; x_wconf 88' lang='lat' dir='ltr'>rationem.</span> 
     </span>
    </p>
   </div>
   <div class='ocr_carea' id='block_1_2' title="bbox 2097 3676 2530 3778">
    <p class='ocr_par' dir='ltr' id='par_1_2' title="bbox 2097 3676 2530 3778">
     <span class='ocr_line' id='line_1_22' title="bbox 2097 3676 2530 3778; baseline 0.005 -2"><span class='ocrx_word' id='word_1_182' title='bbox 2097 3676 2530 3778; x_wconf 91' lang='lat' dir='ltr'>XXXIX.</span> 
     </span>
    </p>
   </div>
   <div class='ocr_carea' id='block_1_3' title="bbox 874 3882 3765 4110">
    <p class='ocr_par' dir='ltr' id='par_1_3' title="bbox 874 3882 3765 4110">
     <span class='ocr_line' id='line_1_23' title="bbox 874 3882 3765 3985; baseline -0.002 -17"><span class='ocrx_word' id='word_1_183' title='bbox 874 3887 978 3968; x_wconf 81' lang='lat' dir='ltr'>ne</span> <span class='ocrx_word' id='word_1_184' title='bbox 1034 3882 1514 3968; x_wconf 78' lang='lat' dir='ltr'>absolvendis</span> <span class='ocrx_word' id='word_1_185' title='bbox 1569 3884 1814 3969; x_wconf 77' lang='lat' dir='ltr'>tribue</span> <span class='ocrx_word' id='word_1_186' title='bbox 1868 3885 2126 3969; x_wconf 72' lang='lat' dir='ltr'>missis</span> <span class='ocrx_word' id='word_1_187' title='bbox 2164 3905 2299 3985; x_wconf 79' lang='lat' dir='ltr'>pro</span> <span class='ocrx_word' id='word_1_188' title='bbox 2340 3885 2697 3968; x_wconf 77' lang='lat' dir='ltr'>Praelata</span> <span class='ocrx_word' id='word_1_189' title='bbox 2748 3886 2831 3966; x_wconf 85' lang='lat' dir='ltr'>et</span> <span class='ocrx_word' id='word_1_190' title='bbox 2868 3884 3236 3967; x_wconf 81' lang='lat' dir='ltr'>canonico</span> <span class='ocrx_word' id='word_1_191' title='bbox 3286 3883 3765 3966; x_wconf 78' lang='lat' dir='ltr'>cracoviensi</span> 
     </span>
     <span class='ocr_line' id='line_1_24' title="bbox 1970 4007 2677 4110; baseline 0 -21"><span class='ocrx_word' id='word_1_192' title='bbox 1970 4009 2325 4110; x_wconf 77' lang='lat' dir='ltr'>tauquam</span> <span class='ocrx_word' id='word_1_193' title='bbox 2385 4007 2677 4089; x_wconf 82' lang='lat' dir='ltr'>Fratre.</span> 
     </span>
    </p>
   </div>
   <div class='ocr_carea' id='block_1_4' title="bbox 871 4218 3769 5417">
    <p class='ocr_par' dir='ltr' id='par_1_4' title="bbox 871 4218 3769 5417">
     <span class='ocr_line' id='line_1_25' title="bbox 1089 4218 3766 4315; baseline -0 -26"><span class='ocrx_word' id='word_1_194' title='bbox 1089 4218 1472 4292; x_wconf 85' lang='lat' dir='ltr'>Praeterea</span> <span class='ocrx_word' id='word_1_195' title='bbox 1544 4218 2110 4315; x_wconf 85' lang='lat' dir='ltr'>quotiescunque</span> <span class='ocrx_word' id='word_1_196' title='bbox 2166 4219 2477 4313; x_wconf 85' lang='lat' dir='ltr'>aliquem</span> <span class='ocrx_word' id='word_1_197' title='bbox 2535 4218 2625 4291; x_wconf 89' lang='lat' dir='ltr'>de</span> <span class='ocrx_word' id='word_1_198' title='bbox 2679 4218 3059 4292; x_wconf 87' lang='lat' dir='ltr'>Fratribus</span> <span class='ocrx_word' id='word_1_199' title='bbox 3132 4218 3399 4293; x_wconf 88' lang='lat' dir='ltr'>nostris</span> <span class='ocrx_word' id='word_1_200' title='bbox 3452 4218 3766 4313; x_wconf 84' lang='lat' dir='ltr'>migrare</span> 
     </span>
     <span class='ocr_line' id='line_1_26' title="bbox 873 4332 3766 4433; baseline -0.001 -19"><span class='ocrx_word' id='word_1_201' title='bbox 873 4339 1256 4433; x_wconf 87' lang='lat' dir='ltr'>contigerit</span> <span class='ocrx_word' id='word_1_202' title='bbox 1309 4336 1400 4413; x_wconf 89' lang='lat' dir='ltr'>ab</span> <span class='ocrx_word' id='word_1_203' title='bbox 1455 4339 1594 4412; x_wconf 89' lang='lat' dir='ltr'>hac</span> <span class='ocrx_word' id='word_1_204' title='bbox 1647 4340 1830 4431; x_wconf 92' lang='lat' dir='ltr'>lnce,</span> <span class='ocrx_word' id='word_1_205' title='bbox 1891 4340 2269 4413; x_wconf 85' lang='lat' dir='ltr'>statuimus</span> <span class='ocrx_word' id='word_1_206' title='bbox 2324 4347 2397 4413; x_wconf 93' lang='lat' dir='ltr'>et</span> <span class='ocrx_word' id='word_1_207' title='bbox 2450 4340 2974 4414; x_wconf 85' lang='lat' dir='ltr'>confirmamus.</span> <span class='ocrx_word' id='word_1_208' title='bbox 3052 4338 3263 4429; x_wconf 84' lang='lat' dir='ltr'>Quod</span> <span class='ocrx_word' id='word_1_209' title='bbox 3320 4332 3571 4414; x_wconf 89' lang='lat' dir='ltr'>omnes</span> <span class='ocrx_word' id='word_1_210' title='bbox 3625 4338 3766 4413; x_wconf 86' lang='lat' dir='ltr'>Ca·</span> 
     </span>
     <span class='ocr_line' id='line_1_27' title="bbox 871 4458 3768 4557; baseline 0 -22"><span class='ocrx_word' id='word_1_211' title='bbox 871 4463 1153 4551; x_wconf 88' lang='lat' dir='ltr'>noniei,</span> <span class='ocrx_word' id='word_1_212' title='bbox 1229 4462 1354 4557; x_wconf 93' lang='lat' dir='ltr'>qui</span> <span class='ocrx_word' id='word_1_213' title='bbox 1404 4462 1478 4533; x_wconf 91' lang='lat' dir='ltr'>in</span> <span class='ocrx_word' id='word_1_214' title='bbox 1535 4461 1824 4534; x_wconf 86' lang='lat' dir='ltr'>civitate</span> <span class='ocrx_word' id='word_1_215' title='bbox 1880 4458 2353 4547; x_wconf 76' lang='lat' dir='ltr'>Cracoviensi</span> <span class='ocrx_word' id='word_1_216' title='bbox 2428 4472 2595 4536; x_wconf 84' lang='lat' dir='ltr'>tune</span> <span class='ocrx_word' id='word_1_217' title='bbox 2648 4464 2932 4556; x_wconf 87' lang='lat' dir='ltr'>fuerint,</span> <span class='ocrx_word' id='word_1_218' title='bbox 3008 4486 3149 4538; x_wconf 87' lang='lat' dir='ltr'>una</span> <span class='ocrx_word' id='word_1_219' title='bbox 3220 4487 3379 4536; x_wconf 92' lang='lat' dir='ltr'>eum</span> <span class='ocrx_word' id='word_1_220' title='bbox 3449 4462 3768 4536; x_wconf 88' lang='lat' dir='ltr'>Vicariis</span> 
     </span>
     <span class='ocr_line' id='line_1_28' title="bbox 875 4582 3769 4671; baseline -0.001 -13"><span class='ocrx_word' id='word_1_221' title='bbox 875 4584 1204 4658; x_wconf 89' lang='lat' dir='ltr'>omnibus</span> <span class='ocrx_word' id='word_1_222' title='bbox 1274 4582 1517 4657; x_wconf 86' lang='lat' dir='ltr'>adsint</span> <span class='ocrx_word' id='word_1_223' title='bbox 1589 4584 1964 4656; x_wconf 83' lang='lat' dir='ltr'>sinceriter</span> <span class='ocrx_word' id='word_1_224' title='bbox 2036 4583 2190 4657; x_wconf 90' lang='lat' dir='ltr'>eius</span> <span class='ocrx_word' id='word_1_225' title='bbox 2262 4584 2533 4671; x_wconf 76' lang='lat' dir='ltr'>funeri,</span> <span class='ocrx_word' id='word_1_226' title='bbox 2612 4598 2684 4658; x_wconf 84' lang='lat' dir='ltr'>et</span> <span class='ocrx_word' id='word_1_227' title='bbox 2735 4586 2806 4657; x_wconf 90' lang='lat' dir='ltr'>in</span> <span class='ocrx_word' id='word_1_228' title='bbox 2867 4586 3077 4659; x_wconf 89' lang='lat' dir='ltr'>domo</span> <span class='ocrx_word' id='word_1_229' title='bbox 3150 4584 3467 4657; x_wconf 83' lang='lat' dir='ltr'>defuncti</span> <span class='ocrx_word' id='word_1_230' title='bbox 3520 4584 3639 4657; x_wconf 88' lang='lat' dir='ltr'>vel</span> <span class='ocrx_word' id='word_1_231' title='bbox 3689 4584 3769 4656; x_wconf 89' lang='lat' dir='ltr'>in</span> 
     </span>
     <span class='ocr_line' id='line_1_29' title="bbox 874 4704 3765 4801; baseline 0 -23"><span class='ocrx_word' id='word_1_232' title='bbox 874 4704 1212 4779; x_wconf 86' lang='lat' dir='ltr'>Ecclesia</span> <span class='ocrx_word' id='word_1_233' title='bbox 1265 4715 1540 4801; x_wconf 88' lang='lat' dir='ltr'>nostra,</span> <span class='ocrx_word' id='word_1_234' title='bbox 1618 4705 2001 4778; x_wconf 87' lang='lat' dir='ltr'>decantent</span> <span class='ocrx_word' id='word_1_235' title='bbox 2056 4704 2286 4778; x_wconf 89' lang='lat' dir='ltr'>eidem</span> <span class='ocrx_word' id='word_1_236' title='bbox 2342 4704 2659 4800; x_wconf 89' lang='lat' dir='ltr'>Vigilias</span> <span class='ocrx_word' id='word_1_237' title='bbox 2710 4728 2969 4780; x_wconf 79' lang='lat' dir='ltr'>novem</span> <span class='ocrx_word' id='word_1_238' title='bbox 3023 4706 3407 4780; x_wconf 88' lang='lat' dir='ltr'>lectionum</span> <span class='ocrx_word' id='word_1_239' title='bbox 3464 4714 3538 4779; x_wconf 92' lang='lat' dir='ltr'>et</span> <span class='ocrx_word' id='word_1_240' title='bbox 3589 4704 3765 4779; x_wconf 87' lang='lat' dir='ltr'>Mis·</span> 
     </span>
     <span class='ocr_line' id='line_1_30' title="bbox 876 4825 3767 4924; baseline -0 -24"><span class='ocrx_word' id='word_1_241' title='bbox 876 4851 1028 4901; x_wconf 91' lang='lat' dir='ltr'>sam</span> <span class='ocrx_word' id='word_1_242' title='bbox 1087 4828 1601 4918; x_wconf 84' lang='lat' dir='ltr'>defunctorum,</span> <span class='ocrx_word' id='word_1_243' title='bbox 1660 4851 1744 4903; x_wconf 87' lang='lat' dir='ltr'>ae</span> <span class='ocrx_word' id='word_1_244' title='bbox 1785 4825 2146 4923; x_wconf 87' lang='lat' dir='ltr'>deponant</span> <span class='ocrx_word' id='word_1_245' title='bbox 2202 4851 2356 4900; x_wconf 85' lang='lat' dir='ltr'>cnm</span> <span class='ocrx_word' id='word_1_246' title='bbox 2411 4830 2774 4903; x_wconf 89' lang='lat' dir='ltr'>consuetis</span> <span class='ocrx_word' id='word_1_247' title='bbox 2830 4828 3272 4903; x_wconf 89' lang='lat' dir='ltr'>orationibus</span> <span class='ocrx_word' id='word_1_248' title='bbox 3324 4849 3589 4924; x_wconf 87' lang='lat' dir='ltr'>corpus</span> <span class='ocrx_word' id='word_1_249' title='bbox 3623 4827 3767 4900; x_wconf 84' lang='lat' dir='ltr'>fra·</span> 
     </span>
     <span class='ocr_line' id='line_1_31' title="bbox 874 4948 3766 5046; baseline -0 -22"><span class='ocrx_word' id='word_1_250' title='bbox 874 4957 1148 5024; x_wconf 87' lang='lat' dir='ltr'>ternum</span> <span class='ocrx_word' id='word_1_251' title='bbox 1203 4950 1274 5023; x_wconf 92' lang='lat' dir='ltr'>in</span> <span class='ocrx_word' id='word_1_252' title='bbox 1329 4950 1493 5024; x_wconf 91' lang='lat' dir='ltr'>loeo</span> <span class='ocrx_word' id='word_1_253' title='bbox 1552 4948 1793 5023; x_wconf 90' lang='lat' dir='ltr'>debito</span> <span class='ocrx_word' id='word_1_254' title='bbox 1851 4948 2282 5044; x_wconf 84' lang='lat' dir='ltr'>sepulturae,</span> <span class='ocrx_word' id='word_1_255' title='bbox 2341 4974 2428 5022; x_wconf 89' lang='lat' dir='ltr'>ac</span> <span class='ocrx_word' id='word_1_256' title='bbox 2483 4950 2934 5045; x_wconf 86' lang='lat' dir='ltr'>postmodum</span> <span class='ocrx_word' id='word_1_257' title='bbox 2991 4951 3291 5046; x_wconf 81' lang='lat' dir='ltr'>quilibet</span> <span class='ocrx_word' id='word_1_258' title='bbox 3342 4951 3567 5023; x_wconf 89' lang='lat' dir='ltr'>frater</span> <span class='ocrx_word' id='word_1_259' title='bbox 3610 4950 3766 5023; x_wconf 90' lang='lat' dir='ltr'>ubi-</span> 
     </span>
     <span class='ocr_line' id='line_1_32' title="bbox 875 5070 3763 5170; baseline -0 -25"><span class='ocrx_word' id='word_1_260' title='bbox 875 5094 1154 5167; x_wconf 89' lang='lat' dir='ltr'>cunque</span> <span class='ocrx_word' id='word_1_261' title='bbox 1207 5072 1422 5145; x_wconf 86' lang='lat' dir='ltr'>fuerit</span> <span class='ocrx_word' id='word_1_262' title='bbox 1474 5074 1900 5146; x_wconf 87' lang='lat' dir='ltr'>constitutus</span> <span class='ocrx_word' id='word_1_263' title='bbox 1959 5094 2089 5170; x_wconf 93' lang='lat' dir='ltr'>pro</span> <span class='ocrx_word' id='word_1_264' title='bbox 2152 5072 2389 5145; x_wconf 88' lang='lat' dir='ltr'>anima</span> <span class='ocrx_word' id='word_1_265' title='bbox 2444 5070 2761 5144; x_wconf 87' lang='lat' dir='ltr'>defuncti</span> <span class='ocrx_word' id='word_1_266' title='bbox 2816 5096 2963 5167; x_wconf 77' lang='lat' dir='ltr'>per</span> <span class='ocrx_word' id='word_1_267' title='bbox 3000 5095 3112 5163; x_wconf 85' lang='lat' dir='ltr'>se,</span> <span class='ocrx_word' id='word_1_268' title='bbox 3170 5072 3288 5145; x_wconf 87' lang='lat' dir='ltr'>vel</span> <span class='ocrx_word' id='word_1_269' title='bbox 3334 5095 3473 5169; x_wconf 80' lang='lat' dir='ltr'>per</span> <span class='ocrx_word' id='word_1_270' title='bbox 3525 5072 3763 5161; x_wconf 89' lang='lat' dir='ltr'>alium,</span> 
     </span>
     <span class='ocr_line' id='line_1_33' title="bbox 873 5193 3767 5288; baseline 0.001 -23"><span class='ocrx_word' id='word_1_271' title='bbox 873 5202 1022 5266; x_wconf 89' lang='lat' dir='ltr'>tres</span> <span class='ocrx_word' id='word_1_272' title='bbox 1077 5193 1346 5267; x_wconf 88' lang='lat' dir='ltr'>Missas</span> <span class='ocrx_word' id='word_1_273' title='bbox 1419 5200 1744 5267; x_wconf 87' lang='lat' dir='ltr'>teneatur</span> <span class='ocrx_word' id='word_1_274' title='bbox 1795 5194 2083 5288; x_wconf 88' lang='lat' dir='ltr'>legere,</span> <span class='ocrx_word' id='word_1_275' title='bbox 2156 5196 2345 5268; x_wconf 87' lang='lat' dir='ltr'>infra</span> <span class='ocrx_word' id='word_1_276' title='bbox 2396 5218 2712 5267; x_wconf 86' lang='lat' dir='ltr'>mensem</span> <span class='ocrx_word' id='word_1_277' title='bbox 2786 5196 2921 5268; x_wconf 91' lang='lat' dir='ltr'>sub</span> <span class='ocrx_word' id='word_1_278' title='bbox 2990 5193 3767 5267; x_wconf 85' lang='lat' dir='ltr'>Excommunieationis</span> 
     </span>
     <span class='ocr_line' id='line_1_34' title="bbox 874 5313 3763 5417; baseline 0.001 -30"><span class='ocrx_word' id='word_1_279' title='bbox 874 5336 1148 5411; x_wconf 89' lang='lat' dir='ltr'>poena,</span> <span class='ocrx_word' id='word_1_280' title='bbox 1208 5337 1418 5417; x_wconf 88' lang='lat' dir='ltr'>quam</span> <span class='ocrx_word' id='word_1_281' title='bbox 1475 5313 1960 5411; x_wconf 85' lang='lat' dir='ltr'>negligentem</span> <span class='ocrx_word' id='word_1_282' title='bbox 2013 5317 2379 5391; x_wconf 88' lang='lat' dir='ltr'>incurrere</span> <span class='ocrx_word' id='word_1_283' title='bbox 2436 5316 2769 5389; x_wconf 86' lang='lat' dir='ltr'>volumus</span> <span class='ocrx_word' id='word_1_284' title='bbox 2819 5316 2981 5412; x_wconf 91' lang='lat' dir='ltr'>ipso</span> <span class='ocrx_word' id='word_1_285' title='bbox 3035 5317 3252 5391; x_wconf 84' lang='lat' dir='ltr'>facto.</span> <span class='ocrx_word' id='word_1_286' title='bbox 3342 5314 3454 5389; x_wconf 88' lang='lat' dir='ltr'>Ita</span> <span class='ocrx_word' id='word_1_287' title='bbox 3506 5324 3763 5408; x_wconf 80' lang='lat' dir='ltr'>tamen,</span> 
     </span>
    </p>
   </div>
  </div>
 </body>
</html>
