4055 6364
1990 704 2353 780 —288
2469 748 2566 763 -—-

830 930 913 995 de
960 929 1481 996 Procurator-ibus
1530 928 2003 1009 constituendis,
2058 927 2378 995 Statutum
2433 930 2532 995 est
2577 930 2640 995 et
2675 929 2844 995 aliud
2881 926 3078 1014 (CIV)
3110 928 3187 995 de
3223 930 3452 1005 iisdem
3487 931 3735 995 maioris

832 1032 1295 1117 importantiae,
1366 1033 1530 1116 quod
1596 1033 1808 1099 statim
1874 1034 1939 1098 in
1998 1036 2142 1099 actu
2206 1033 2652 1099 installationis
2715 1033 2971 1118 stringit
3027 1033 3606 1125 Neoinstallandos,
3671 1034 3738 1098 ut

830 1137 1094 1221 probata
1159 1134 1505 1216 nobilitate,
1576 1137 1932 1220 solutisque
1978 1134 2383 1220 Cappalibus,
2451 1138 2787 1203 teneantur
2831 1138 2977 1202 ante
3022 1138 3255 1217 omnia,
3323 1139 3602 1221 aliquem
3645 1137 3736 1206 vel

834 1243 1077 1326 aliquos
1125 1260 1197 1306 ex
1234 1242 1668 1323 praesentibus
1707 1242 1771 1306 et
1808 1242 1971 1307 circa
2016 1242 2342 1307 ecclesiam
2391 1240 2807 1308 residentibus
2855 1241 3344 1326 capitularibus,
3393 1244 3460 1307 in
3507 1242 3734 1306 Procu-
3811 1323 3824 1333 ·

832 1348 1103 1410 ratorem
1151 1364 1336 1410 suum
1382 1344 1788 1423 constituere,
1842 1346 1945 1428 qui
1992 1345 2058 1411 in
2105 1346 2352 1411 illorum
2401 1347 2708 1426 absentia,
2763 1365 2922 1412 onus
2957 1348 3022 1411 in
3061 1366 3128 1413 se
3175 1346 3482 1429 suscipiat
3529 1346 3735 1411 omnia

834 1448 1048 1513 munia
1092 1449 1173 1514 ad
1218 1448 1437 1514 Altare
1486 1449 1751 1531 explere,
1802 1468 2112 1533 oneraque
2160 1453 2222 1516 et
2266 1450 2497 1529 debita,
2553 1444 2811 1533 'quoties
2867 1468 3082 1515 eorum
3131 1448 3364 1515 solutio
3425 1449 3732 1525 inciderit,

834 1570 1087 1618 mensae
1133 1552 1487 1635 capitulari,
1538 1555 1649 1618 aut
1691 1571 1956 1635 quorum
1992 1554 2293 1632 intererit,
2342 1554 2765 1638 punctnaliter
2801 1554 3082 1633 solvere;
3131 1555 3286 1619 alias
3335 1554 3414 1619 ad
3451 1553 3734 1619 installa-

832 1656 1069 1722 tionem
1116 1656 1363 1722 admitti
1407 1675 1530 1722 non
1579 1657 1837 1724 debent.

1041 1883 1148 1948 De
1195 1882 1644 1949 solutione
1690 1884 2073 1950 taxarum
2119 1904 2206 1949 ex
2250 1882 2642 1967 lapideis
2691 1882 2944 1965 (Statut.
2981 1882 3232 1965 LVIII).
3275 1880 3500 1947 Talem
3536 1883 3738 1947 taxam

836 1987 1059 2052 domus
1104 2004 1255 2052 suae
1321 1986 1372 2051 si
1422 1987 1561 2070 quis
1630 1988 1870 2053 solvere
1916 1986 2280 2071 neglexerit,
2346 2006 2457 2070 per
2501 2006 2796 2070 praesens
2861 1985 3183 2052 statutum
3245 1986 3473 2070 privari
3521 2004 3597 2052 ea
3643 1987 3734 2051 iu·

833 2091 1037 2169 betur,
1090 2091 1153 2155 et
1191 2090 1447 2156 alterius
1495 2093 1766 2157 cuiusvis
1815 2092 2086 2175 optionis
2133 2090 2394 2175 incapax
2440 2092 2811 2157 declaratur.
2861 2089 3290 2174 Quodipsum
3340 2089 3740 2155 confirmatur

835 2194 1285 2278 posterioribus
1350 2194 1615 2262 Statutis
1682 2194 1761 2281 (O
1810 2196 1873 2259 et
1919 2194 2116 2280 CIX).
2199 2196 2330 2261 Imo
2393 2195 2714 2261 Statutum
2761 2196 2860 2259 his
2905 2195 3217 2277 posterius
3261 2192 3556 2275 (CXIII),
3623 2194 3738 2258 tria

836 2299 1117 2380 praefata
1162 2298 1413 2365 Statuta
1460 2301 1795 2384 corrigens,
1864 2298 2433 2382 correctionemque
2493 2319 2671 2364 suam
2738 2300 2798 2363 in
2845 2300 3166 2382 posterum
3229 2317 3354 2363 non
3401 2298 3736 2363 immutan-

838 2402 1002 2482 dam,
1052 2404 1401 2469 iuramento
1449 2404 1869 2487 praesentium
1916 2405 2067 2469 tunc
2111 2407 2174 2468 in
2224 2400 2516 2486 Capitulo
2562 2396 2840 2483 firmans,
2907 2402 3088 2468 Anno
3143 2401 3328 2482 1565,
3397 2422 3473 2467 ex
3515 2402 3736 2467 validis

836 2506 1182 2572 rationibus
1247 2508 1594 2587 constituit,
1663 2508 1734 2572 ut
1778 2506 1935 2572 nulli
1999 2507 2066 2571 in
2113 2507 2576 2590 possessionem
2625 2506 2834 2589 aliqua
2878 2507 3126 2591 lapidea
3171 2506 3546 2583 conferatur,
3617 2504 3736 2569 nisi

835 2612 1007 2694 prius
1056 2612 1120 2677 et
1163 2614 1309 2678 ante
1355 2611 1563 2677 omnia
1608 2612 1815 2677 taxam
1862 2610 2034 2676 illius
2081 2611 2160 2676 ad
2203 2628 2428 2675 manus
2475 2609 2912 2675 Procuratoris
2961 2610 3183 2675 solvat.

1044 2838 1153 2903 De
1218 2839 1662 2904 faciendis
1716 2838 2232 2903 rationibus
2299 2857 2442 2921 per
2501 2836 3144 2903 Vicecustodes
3214 2833 3734 2917 supellecti-

835 2941 957 3008 lis
1007 2940 1500 3008 Sacristiae
1548 2941 1807 3027 (Statut.
1860 2941 2115 3026 LXIII),
2168 2942 2482 3019 ordinanS,
2532 2942 2604 3005 ut
2647 2940 2948 3023 Deputati
2993 2939 3369 3021 capitulares
3409 2937 3490 3003 ad
3527 2936 3734 3001 calcu-

836 3048 971 3113 lum
1016 3047 1281 3130 singulis
1329 3046 1528 3126 anniS,
1582 3047 1870 3112 absoluto
1919 3045 2158 3111 calculo
2207 3046 2518 3111 redituum
2568 3042 2847 3128 Capituli
2894 3045 2956 3109 et
2991 3042 3449 3120 fundationum,
3503 3040 3736 3105 Procn-

836 3152 1169 3234 ratoreque
1216 3170 1375 3217 novo
1424 3150 1785 3228 constitut0,
1844 3152 1944 3216 vel
1989 3150 2194 3233 priore
2242 3149 2629 3224 confirmato,
2681 3148 3066 3215 descendant
3109 3146 3394 3232 sequenti
3443 3145 3542 3211 die
3589 3163 3732 3209 cum

839 3255 1137 3340 praefatis
1186 3256 1705 3321 Procuratoribus
1752 3256 1831 3320 ad
1880 3254 2266 3334 Sacristiam,
2335 3254 2548 3338 ibique
2595 3254 2900 3320 rationem
2949 3273 2986 3319 a
3030 3250 3552 3318 Vicecustodibus
3595 3249 3762 3314 uni--

838 3379 1056 3426 versae
1104 3359 1511 3444 supellectilis
1559 3359 2019 3426 ecclesiasticae
2067 3359 2392 3443 excipiant.

1052 3585 1154 3650 De
1212 3603 1373 3648 non
1438 3584 2017 3667 procurandis
2085 3583 2562 3650 instantiis
2627 3601 2774 3665 pro
2824 3582 3303 3648 obtinendo
3363 3579 3734 3664 praesti-

844 3689 1165 3764 monio,
1234 3687 1494 3764 villa,
1566 3689 1836 3776 dome,
1905 3687 2277 3767 Altaria,
2340 3687 2731 3770 Vinaria,
2805 3685 3438 3763 Mansionaria,
3515 3684 3736 3749 Psal-

848 3792 1071 3857 teria
1118 3793 1237 3868 etc.
1287 3791 1546 3876 (Statut.
1579 3793 1826 3876 LXVI).
1876 3793 2013 3856 Hoc
2063 3791 2384 3858 Statutum
2432 3791 2753 3857 conditum
2800 3793 2896 3855 est
2940 3777 3121 3855 A‘nno
3175 3789 3362 3868 1437,
3414 3789 3736 3854 occasione

840 3895 977 3972 tali,
1028 3881 1203 3978 quod
1244 3914 1429 3979 saepe
1478 3895 1881 3980 contingebat
1924 3895 2181 3979 propter
2227 3894 2532 3960 eiusmodi
2579 3894 2909 3959 instantias
2956 3895 3220 3980 Regum,
3273 3891 3629 3974 Principum
3675 3893 3740 3954 et

842 3999 1104 4065 aliarum
1150 4001 1363 4083 magni
1428 4001 1697 4065 nominis
1744 4019 2178 4082 personarum,
2249 4015 2548 4080 personas
2596 3999 2938 4063 immeritas
3005 3998 3244 4064 meritis
3311 3993 3626 4078 praeferri,
3675 3997 3738 4058 et

840 4103 1190 4169 laudabiles
1230 4106 1707 4170 consuetudines
1736 4103 2056 4170 Ecclesiae
2093 4104 2360 4180 turbari3
2402 4105 2628 4187 quibus
2664 4100 3174 4168 inconvenientiis
3213 4099 3545 4178 obviando,
3594 4097 3738 4163 olim

841 4207 1317 4272 Illustrissimus
1381 4209 1692 4291 gloriosae
1737 4207 2075 4273 memoriae
2122 4207 2430 4292 Sbigneus
2488 4207 2838 4291 Episcopus
2887 4205 3340 4280 Cracoviensis,
3389 4200 3732 4268 communi-

844 4312 983 4374 cato
1034 4311 1293 4376 consilio
1343 4330 1483 4376 cum
1523 4309 1837 4395 Capitulo,
1890 4311 2140 4376 statuit:
2183 4315 2253 4375 ut
2291 4311 2594 4376 eiusmodi
2640 4310 3044 4392 procurantes
3090 4308 3444 4386 instantias,
3495 4304 3734 4371 etiamsi

845 4414 1101 4480 eaedem
1164 4415 1499 4480 instantiae
1561 4417 1833 4490 colorem
1897 4415 2134 4498 proprii
2181 4418 2387 4478 motus
2447 4414 2770 4488 haberent,
2846 4413 3186 4478 reddantur
3231 4412 3367 4495 ipso
3415 4411 3580 4476 facto
3625 4426 3733 4492 pro

846 4518 953 4582 illa
999 4519 1132 4584 vice
1178 4518 1491 4585 inhabiles
1538 4520 1617 4584 ad
1666 4519 2067 4585 obtinendam
2117 4518 2393 4597 domum,
2441 4517 2656 4583 villam
2691 4518 2792 4583 vel
2827 4517 2997 4582 aliud
3043 4517 3305 4599 quodvis
3341 4514 3730 4594 beneficium,

844 4641 955 4704 pro
1004 4641 1125 4705 quo
1174 4622 1506 4688 obtinendo
1554 4622 1909 4704 procuravit
1954 4622 2072 4686 sibi
2119 4621 2582 4686 intercessores.

1053 4848 1158 4913 De
1220 4848 1751 4930 providenda
1803 4847 2188 4930 lampade
2233 4847 2306 4912 in
2352 4846 2623 4911 medio
2669 4847 2927 4911 choro
2985 4846 3068 4910 de
3113 4843 3336 4908 villa
3392 4841 3731 4908 Borkow

848 4952 1105 5036 (Statut.
1137 4953 1391 5033 LXIX).
1430 4953 1567 5018 Hoc
1614 4951 1936 5018 Statutum
1972 4952 2198 5018 nullibi
2234 4952 2540 5034 reperitur
2569 4951 2964 5035 abrogatum:
3015 4947 3308 5012 credibile
3351 4946 3469 5024 est,
3513 4963 3733 5012 execu-

845 5057 1078 5122 tionem
1125 5057 1257 5122 eius
1296 5057 1714 5124 intermissam
1756 5077 1863 5140 per
1898 5058 2201 5124 incuriam
2237 5057 2865 5138 Viceprocuratorum
2915 5051 3367 5138 negligentiam
3413 5071 3489 5116 ea
3525 5050 3728 5116 vindi·
3767 5091 3777 5102 -

848 5179 985 5225 care
1034 5179 1069 5224 a
1116 5161 1392 5244 Regente
1439 5161 1622 5227 buius
1672 5163 2120 5244 praestimonii.
