<?xml version="1.0" encoding="UTF-8"?>
<!DOCTYPE html PUBLIC "-//W3C//DTD XHTML 1.0 Transitional//EN"
    "http://www.w3.org/TR/xhtml1/DTD/xhtml1-transitional.dtd">
<html xmlns="http://www.w3.org/1999/xhtml" xml:lang="en" lang="en">
 <head>
  <title>
</title>
<meta http-equiv="Content-Type" content="text/html;charset=utf-8" />
  <meta name='ocr-system' content='tesseract 3.04.00' />
  <meta name='ocr-capabilities' content='ocr_page ocr_carea ocr_par ocr_line ocrx_word'/>
</head>
<body>
  <div class='ocr_page' id='page_1' title='image "./statutacapitula00nykogoog_0135.png"; bbox 0 0 4055 6364; ppageno 0'>
   <div class='ocr_carea' id='block_1_1' title="bbox 2074 766 2651 843">
    <p class='ocr_par' dir='ltr' id='par_1_1' title="bbox 2074 766 2651 843">
     <span class='ocr_line' id='line_1_1' title="bbox 2074 766 2651 843; baseline 0.002 -1"><span class='ocrx_word' id='word_1_1' title='bbox 2074 766 2651 843; x_wconf 83' lang='lat'>-112—</span> 
     </span>
    </p>
   </div>
   <div class='ocr_carea' id='block_1_2' title="bbox 908 975 3833 2909">
    <p class='ocr_par' dir='ltr' id='par_1_2' title="bbox 908 975 3833 2909">
     <span class='ocr_line' id='line_1_2' title="bbox 909 975 3831 1076; baseline 0 -25"><span class='ocrx_word' id='word_1_2' title='bbox 909 977 1104 1053; x_wconf 90' lang='lat' dir='ltr'>nium</span> <span class='ocrx_word' id='word_1_3' title='bbox 1154 982 1580 1076; x_wconf 73' lang='lat' dir='ltr'><strong>praesentes</strong></span> <span class='ocrx_word' id='word_1_4' title='bbox 1629 975 1884 1051; x_wconf 89' lang='lat' dir='ltr'>literas</span> <span class='ocrx_word' id='word_1_5' title='bbox 1935 998 2149 1051; x_wconf 90' lang='lat' dir='ltr'>manu</span> <span class='ocrx_word' id='word_1_6' title='bbox 2204 976 2497 1075; x_wconf 87' lang='lat' dir='ltr'>propria</span> <span class='ocrx_word' id='word_1_7' title='bbox 2564 977 3129 1076; x_wconf 75' lang='lat' dir='ltr'>subscripsimus</span> <span class='ocrx_word' id='word_1_8' title='bbox 3180 984 3253 1051; x_wconf 92' lang='lat' dir='ltr'>et</span> <span class='ocrx_word' id='word_1_9' title='bbox 3306 976 3535 1073; x_wconf 77' lang='lat' dir='ltr'>sigilli</span> <span class='ocrx_word' id='word_1_10' title='bbox 3585 978 3831 1053; x_wconf 83' lang='lat' dir='ltr'>nostri</span> 
     </span>
     <span class='ocr_line' id='line_1_3' title="bbox 909 1097 3827 1198; baseline -0 -23"><span class='ocrx_word' id='word_1_11' title='bbox 909 1098 1524 1198; x_wconf 89' lang='lat' dir='ltr'>subimpressione</span> <span class='ocrx_word' id='word_1_12' title='bbox 1579 1097 1999 1174; x_wconf 91' lang='lat' dir='ltr'>communiri</span> <span class='ocrx_word' id='word_1_13' title='bbox 2054 1098 2579 1173; x_wconf 83' lang='lat' dir='ltr'>mandavimus.</span> <span class='ocrx_word' id='word_1_14' title='bbox 2668 1100 2937 1175; x_wconf 87' lang='lat' dir='ltr'>Datum</span> <span class='ocrx_word' id='word_1_15' title='bbox 2990 1099 3067 1175; x_wconf 89' lang='lat' dir='ltr'>in</span> <span class='ocrx_word' id='word_1_16' title='bbox 3120 1098 3315 1173; x_wconf 87' lang='lat' dir='ltr'>Arce</span> <span class='ocrx_word' id='word_1_17' title='bbox 3368 1106 3619 1175; x_wconf 88' lang='lat' dir='ltr'>nostra</span> <span class='ocrx_word' id='word_1_18' title='bbox 3674 1100 3827 1174; x_wconf 91' lang='lat' dir='ltr'>Bo·</span> 
     </span>
     <span class='ocr_line' id='line_1_4' title="bbox 908 1219 3833 1319; baseline 0 -23"><span class='ocrx_word' id='word_1_19' title='bbox 908 1222 1327 1297; x_wconf 82' lang='lat' dir='ltr'>zancinensi</span> <span class='ocrx_word' id='word_1_20' title='bbox 1371 1219 1759 1295; x_wconf 90' lang='lat' dir='ltr'>Dioecesis</span> <span class='ocrx_word' id='word_1_21' title='bbox 1795 1228 2108 1315; x_wconf 80' lang='lat' dir='ltr'>nostrae,</span> <span class='ocrx_word' id='word_1_22' title='bbox 2165 1220 2310 1295; x_wconf 92' lang='lat' dir='ltr'>Die</span> <span class='ocrx_word' id='word_1_23' title='bbox 2346 1221 2576 1319; x_wconf 89' lang='lat' dir='ltr'>prima</span> <span class='ocrx_word' id='word_1_24' title='bbox 2612 1220 2892 1296; x_wconf 89' lang='lat' dir='ltr'>Mensis</span> <span class='ocrx_word' id='word_1_25' title='bbox 2946 1220 3212 1315; x_wconf 87' lang='lat' dir='ltr'>Martii,</span> <span class='ocrx_word' id='word_1_26' title='bbox 3271 1220 3483 1296; x_wconf 92' lang='lat' dir='ltr'>Anno</span> <span class='ocrx_word' id='word_1_27' title='bbox 3518 1223 3833 1297; x_wconf 89' lang='lat' dir='ltr'>Domini</span> 
     </span>
     <span class='ocr_line' id='line_1_5' title="bbox 909 1340 3829 1441; baseline 0 -22"><span class='ocrx_word' id='word_1_28' title='bbox 909 1344 1301 1419; x_wconf 86' lang='lat' dir='ltr'>Millesimo</span> <span class='ocrx_word' id='word_1_29' title='bbox 1374 1343 1970 1438; x_wconf 81' lang='lat' dir='ltr'>Quingentesimo</span> <span class='ocrx_word' id='word_1_30' title='bbox 2046 1340 2601 1440; x_wconf 87' lang='lat' dir='ltr'>Septuagesimo</span> <span class='ocrx_word' id='word_1_31' title='bbox 2656 1344 2985 1441; x_wconf 90' lang='lat' dir='ltr'>septimo.</span> <span class='ocrx_word' id='word_1_32' title='bbox 3078 1344 3600 1420; x_wconf 84' lang='lat' dir='ltr'>Praesentibus</span> <span class='ocrx_word' id='word_1_33' title='bbox 3678 1344 3829 1419; x_wconf 87' lang='lat' dir='ltr'>Re-</span> 
     </span>
     <span class='ocr_line' id='line_1_6' title="bbox 910 1462 3831 1559; baseline 0 -18"><span class='ocrx_word' id='word_1_34' title='bbox 910 1465 1250 1541; x_wconf 89' lang='lat' dir='ltr'>verendis</span> <span class='ocrx_word' id='word_1_35' title='bbox 1305 1474 1376 1540; x_wconf 91' lang='lat' dir='ltr'>et</span> <span class='ocrx_word' id='word_1_36' title='bbox 1410 1465 1992 1559; x_wconf 89' lang='lat' dir='ltr'>Venerabilibus‚</span> <span class='ocrx_word' id='word_1_37' title='bbox 2054 1462 2459 1541; x_wconf 77' lang='lat' dir='ltr'>Generosis</span> <span class='ocrx_word' id='word_1_38' title='bbox 2512 1472 2585 1541; x_wconf 92' lang='lat' dir='ltr'>et</span> <span class='ocrx_word' id='word_1_39' title='bbox 2634 1466 3022 1541; x_wconf 89' lang='lat' dir='ltr'>Nobilibus</span> <span class='ocrx_word' id='word_1_40' title='bbox 3066 1464 3119 1541; x_wconf 85' lang='lat' dir='ltr'>J</span> <span class='ocrx_word' id='word_1_41' title='bbox 3124 1489 3356 1541; x_wconf 91' lang='lat' dir='ltr'>oanne</span> <span class='ocrx_word' id='word_1_42' title='bbox 3411 1466 3831 1543; x_wconf 86' lang='lat' dir='ltr'>Krasinski</span> 
     </span>
     <span class='ocr_line' id='line_1_7' title="bbox 910 1586 3830 1683; baseline -0 -19"><span class='ocrx_word' id='word_1_43' title='bbox 910 1590 1227 1665; x_wconf 88' lang='lat' dir='ltr'>Cantore</span> <span class='ocrx_word' id='word_1_44' title='bbox 1263 1587 1754 1683; x_wconf 83' lang='lat' dir='ltr'>Oracoviensi‚</span> <span class='ocrx_word' id='word_1_45' title='bbox 1812 1586 2101 1663; x_wconf 86' lang='lat' dir='ltr'>Joanne</span> <span class='ocrx_word' id='word_1_46' title='bbox 2140 1588 2533 1665; x_wconf 88' lang='lat' dir='ltr'>Wieliczki</span> <span class='ocrx_word' id='word_1_47' title='bbox 2568 1587 2645 1664; x_wconf 86' lang='lat' dir='ltr'>J.</span> <span class='ocrx_word' id='word_1_48' title='bbox 2686 1588 2809 1681; x_wconf 66' lang='lat' dir='ltr'>U„</span> <span class='ocrx_word' id='word_1_49' title='bbox 2866 1590 3168 1664; x_wconf 90' lang='lat' dir='ltr'>Decano</span> <span class='ocrx_word' id='word_1_50' title='bbox 3220 1586 3830 1681; x_wconf 85' lang='lat' dir='ltr'>Sandomiriensi‚</span> 
     </span>
     <span class='ocr_line' id='line_1_8' title="bbox 909 1708 3829 1808; baseline 0.001 -23"><span class='ocrx_word' id='word_1_51' title='bbox 909 1711 1306 1787; x_wconf 82' lang='lat' dir='ltr'>Laurentio</span> <span class='ocrx_word' id='word_1_52' title='bbox 1343 1710 1723 1785; x_wconf 91' lang='lat' dir='ltr'>Pontificio</span> <span class='ocrx_word' id='word_1_53' title='bbox 1760 1709 2280 1808; x_wconf 79' lang='lat' dir='ltr'>Philosophiae</span> <span class='ocrx_word' id='word_1_54' title='bbox 2316 1719 2389 1785; x_wconf 92' lang='lat' dir='ltr'>et</span> <span class='ocrx_word' id='word_1_55' title='bbox 2424 1708 2833 1785; x_wconf 77' lang='lat' dir='ltr'>Medicinae</span> <span class='ocrx_word' id='word_1_56' title='bbox 2888 1712 3367 1807; x_wconf 83' lang='lat' dir='ltr'>Doctoribus,</span> <span class='ocrx_word' id='word_1_57' title='bbox 3406 1712 3499 1787; x_wconf 87' lang='lat' dir='ltr'>ad</span> <span class='ocrx_word' id='word_1_58' title='bbox 3555 1712 3829 1787; x_wconf 85' lang='lat' dir='ltr'>Eccle-</span> 
     </span>
     <span class='ocr_line' id='line_1_9' title="bbox 911 1830 3830 1930; baseline 0 -21"><span class='ocrx_word' id='word_1_59' title='bbox 911 1836 1092 1909; x_wconf 90' lang='lat' dir='ltr'>siam</span> <span class='ocrx_word' id='word_1_60' title='bbox 1148 1833 1632 1930; x_wconf 82' lang='lat' dir='ltr'>Collegiatam</span> <span class='ocrx_word' id='word_1_61' title='bbox 1685 1831 1760 1907; x_wconf 83' lang='lat' dir='ltr'>S.</span> <span class='ocrx_word' id='word_1_62' title='bbox 1817 1832 2203 1908; x_wconf 75' lang='lat' dir='ltr'>Michaelis</span> <span class='ocrx_word' id='word_1_63' title='bbox 2276 1830 2677 1908; x_wconf 84' lang='lat' dir='ltr'>Cracoviae</span> <span class='ocrx_word' id='word_1_64' title='bbox 2750 1830 3101 1926; x_wconf 82' lang='lat' dir='ltr'>Custode,</span> <span class='ocrx_word' id='word_1_65' title='bbox 3176 1834 3470 1909; x_wconf 88' lang='lat' dir='ltr'>Phisico</span> <span class='ocrx_word' id='word_1_66' title='bbox 3543 1845 3830 1929; x_wconf 89' lang='lat' dir='ltr'>nostro,</span> 
     </span>
     <span class='ocr_line' id='line_1_10' title="bbox 913 1952 3831 2053; baseline 0.001 -22"><span class='ocrx_word' id='word_1_67' title='bbox 913 1956 1145 2031; x_wconf 90' lang='lat' dir='ltr'>Paulo</span> <span class='ocrx_word' id='word_1_68' title='bbox 1183 1953 1590 2049; x_wconf 82' lang='lat' dir='ltr'>Gosliczki,</span> <span class='ocrx_word' id='word_1_69' title='bbox 1641 1953 1945 2029; x_wconf 90' lang='lat' dir='ltr'>Alberto</span> <span class='ocrx_word' id='word_1_70' title='bbox 1985 1952 2452 2053; x_wconf 82' lang='lat' dir='ltr'>Szydlowski</span> <span class='ocrx_word' id='word_1_71' title='bbox 2489 1952 2985 2049; x_wconf 84' lang='lat' dir='ltr'>Oracoviensi,</span> <span class='ocrx_word' id='word_1_72' title='bbox 3044 1952 3373 2030; x_wconf 80' lang='lat' dir='ltr'>Gotardo</span> <span class='ocrx_word' id='word_1_73' title='bbox 3412 1956 3831 2033; x_wconf 83' lang='lat' dir='ltr'>Wroblew-</span> 
     </span>
     <span class='ocr_line' id='line_1_11' title="bbox 915 2075 3831 2173; baseline 0.001 -20"><span class='ocrx_word' id='word_1_74' title='bbox 915 2079 1035 2153; x_wconf 88' lang='lat' dir='ltr'>ski</span> <span class='ocrx_word' id='word_1_75' title='bbox 1089 2078 1468 2153; x_wconf 90' lang='lat' dir='ltr'>Kielcensi</span> <span class='ocrx_word' id='word_1_76' title='bbox 1491 2135 1510 2173; x_wconf 92' lang='lat'>‚</span> <span class='ocrx_word' id='word_1_77' title='bbox 1571 2077 1918 2153; x_wconf 86' lang='lat' dir='ltr'>Floriano</span> <span class='ocrx_word' id='word_1_78' title='bbox 1973 2076 2179 2153; x_wconf 90' lang='lat' dir='ltr'>Koss</span> <span class='ocrx_word' id='word_1_79' title='bbox 2234 2075 2814 2153; x_wconf 85' lang='lat' dir='ltr'>Scarbimiriensi</span> <span class='ocrx_word' id='word_1_80' title='bbox 2868 2076 3296 2171; x_wconf 83' lang='lat' dir='ltr'>Canonicis,</span> <span class='ocrx_word' id='word_1_81' title='bbox 3374 2078 3597 2152; x_wconf 89' lang='lat' dir='ltr'>Petro</span> <span class='ocrx_word' id='word_1_82' title='bbox 3654 2078 3831 2155; x_wconf 89' lang='lat' dir='ltr'>Pio·</span> 
     </span>
     <span class='ocr_line' id='line_1_12' title="bbox 914 2198 3828 2298; baseline -0 -22"><span class='ocrx_word' id='word_1_83' title='bbox 914 2201 1212 2276; x_wconf 88' lang='lat' dir='ltr'>trowski</span> <span class='ocrx_word' id='word_1_84' title='bbox 1265 2199 1692 2298; x_wconf 84' lang='lat' dir='ltr'>Praeposito</span> <span class='ocrx_word' id='word_1_85' title='bbox 1749 2198 2259 2296; x_wconf 87' lang='lat' dir='ltr'>Oporoviensi,</span> <span class='ocrx_word' id='word_1_86' title='bbox 2313 2200 2641 2275; x_wconf 90' lang='lat' dir='ltr'>Plebano</span> <span class='ocrx_word' id='word_1_87' title='bbox 2676 2224 2765 2275; x_wconf 89' lang='lat' dir='ltr'>ac</span> <span class='ocrx_word' id='word_1_88' title='bbox 2804 2198 3123 2274; x_wconf 88' lang='lat' dir='ltr'>Officiali</span> <span class='ocrx_word' id='word_1_89' title='bbox 3158 2208 3406 2275; x_wconf 88' lang='lat' dir='ltr'>nostro</span> <span class='ocrx_word' id='word_1_90' title='bbox 3454 2201 3828 2295; x_wconf 88' lang='lat' dir='ltr'>Biecensi‚</span> 
     </span>
     <span class='ocr_line' id='line_1_13' title="bbox 916 2320 3829 2418; baseline -0.001 -20"><span class='ocrx_word' id='word_1_91' title='bbox 916 2321 1281 2399; x_wconf 86' lang='lat' dir='ltr'>Stanislao</span> <span class='ocrx_word' id='word_1_92' title='bbox 1336 2322 1647 2397; x_wconf 88' lang='lat' dir='ltr'>Brzeski</span> <span class='ocrx_word' id='word_1_93' title='bbox 1699 2320 2134 2398; x_wconf 84' lang='lat' dir='ltr'>Vexillifero</span> <span class='ocrx_word' id='word_1_94' title='bbox 2190 2321 2815 2417; x_wconf 87' lang='lat' dir='ltr'>Wissegrodensi,</span> <span class='ocrx_word' id='word_1_95' title='bbox 2892 2320 3294 2418; x_wconf 82' lang='lat' dir='ltr'>Capitaneo</span> <span class='ocrx_word' id='word_1_96' title='bbox 3368 2329 3619 2397; x_wconf 87' lang='lat' dir='ltr'>nostro</span> <span class='ocrx_word' id='word_1_97' title='bbox 3678 2322 3829 2396; x_wconf 93' lang='lat' dir='ltr'>Bo-</span> 
     </span>
     <span class='ocr_line' id='line_1_14' title="bbox 914 2442 3827 2540; baseline 0 -21"><span class='ocrx_word' id='word_1_98' title='bbox 914 2442 1340 2540; x_wconf 67' lang='lat' dir='ltr'>z&#39;antinensi,</span> <span class='ocrx_word' id='word_1_99' title='bbox 1386 2444 1439 2521; x_wconf 85' lang='lat' dir='ltr'>J</span> <span class='ocrx_word' id='word_1_100' title='bbox 1442 2445 1673 2519; x_wconf 89' lang='lat' dir='ltr'>acobo</span> <span class='ocrx_word' id='word_1_101' title='bbox 1710 2444 2019 2520; x_wconf 87' lang='lat' dir='ltr'>Zabicki</span> <span class='ocrx_word' id='word_1_102' title='bbox 2059 2442 2603 2519; x_wconf 88' lang='lat' dir='ltr'>Succamerario</span> <span class='ocrx_word' id='word_1_103' title='bbox 2641 2444 3209 2539; x_wconf 88' lang='lat' dir='ltr'>Zakrocimensi,</span> <span class='ocrx_word' id='word_1_104' title='bbox 3250 2443 3633 2519; x_wconf 87' lang='lat' dir='ltr'>Praefecto</span> <span class='ocrx_word' id='word_1_105' title='bbox 3674 2443 3827 2520; x_wconf 86' lang='lat' dir='ltr'>Cu-</span> 
     </span>
     <span class='ocr_line' id='line_1_15' title="bbox 913 2565 3831 2661; baseline -0.001 -18"><span class='ocrx_word' id='word_1_106' title='bbox 913 2568 1064 2644; x_wconf 86' lang='lat' dir='ltr'>riae</span> <span class='ocrx_word' id='word_1_107' title='bbox 1117 2576 1447 2661; x_wconf 88' lang='lat' dir='ltr'>nostrae,</span> <span class='ocrx_word' id='word_1_108' title='bbox 1520 2566 1836 2641; x_wconf 87' lang='lat' dir='ltr'>Martino</span> <span class='ocrx_word' id='word_1_109' title='bbox 1893 2566 2458 2641; x_wconf 86' lang='lat' dir='ltr'>Przeborowski</span> <span class='ocrx_word' id='word_1_110' title='bbox 2530 2565 2793 2641; x_wconf 84' lang='lat' dir='ltr'>Curiae</span> <span class='ocrx_word' id='word_1_111' title='bbox 2846 2574 3138 2641; x_wconf 86' lang='lat' dir='ltr'>nostrae</span> <span class='ocrx_word' id='word_1_112' title='bbox 3190 2565 3536 2641; x_wconf 89' lang='lat' dir='ltr'>Actorum</span> <span class='ocrx_word' id='word_1_113' title='bbox 3592 2566 3667 2640; x_wconf 91' lang='lat' dir='ltr'>N</span> <span class='ocrx_word' id='word_1_114' title='bbox 3670 2574 3831 2641; x_wconf 88' lang='lat' dir='ltr'>ota-</span> 
     </span>
     <span class='ocr_line' id='line_1_16' title="bbox 914 2687 3828 2785; baseline -0 -21"><span class='ocrx_word' id='word_1_115' title='bbox 914 2691 1045 2783; x_wconf 90' lang='lat' dir='ltr'>rio‚</span> <span class='ocrx_word' id='word_1_116' title='bbox 1104 2688 1493 2764; x_wconf 90' lang='lat' dir='ltr'>Laurentio</span> <span class='ocrx_word' id='word_1_117' title='bbox 1529 2688 1982 2785; x_wconf 87' lang='lat' dir='ltr'>Naropinski</span> <span class='ocrx_word' id='word_1_118' title='bbox 2019 2696 2091 2763; x_wconf 90' lang='lat' dir='ltr'>et</span> <span class='ocrx_word' id='word_1_119' title='bbox 2126 2688 2177 2763; x_wconf 84' lang='lat' dir='ltr'>J</span> <span class='ocrx_word' id='word_1_120' title='bbox 2182 2711 2415 2763; x_wconf 89' lang='lat' dir='ltr'>oanne</span> <span class='ocrx_word' id='word_1_121' title='bbox 2468 2687 2946 2779; x_wconf 86' lang='lat' dir='ltr'>Falibowski,</span> <span class='ocrx_word' id='word_1_122' title='bbox 3006 2688 3455 2784; x_wconf 88' lang='lat' dir='ltr'>caeterisque</span> <span class='ocrx_word' id='word_1_123' title='bbox 3507 2687 3828 2763; x_wconf 86' lang='lat' dir='ltr'>familia-</span> 
     </span>
     <span class='ocr_line' id='line_1_17' title="bbox 916 2810 2427 2909; baseline 0 -23"><span class='ocrx_word' id='word_1_124' title='bbox 916 2812 1118 2886; x_wconf 88' lang='lat' dir='ltr'>ribus</span> <span class='ocrx_word' id='word_1_125' title='bbox 1170 2812 1439 2887; x_wconf 90' lang='lat' dir='ltr'>nostris</span> <span class='ocrx_word' id='word_1_126' title='bbox 1491 2810 1586 2885; x_wconf 89' lang='lat' dir='ltr'>ad</span> <span class='ocrx_word' id='word_1_127' title='bbox 1639 2812 2046 2909; x_wconf 88' lang='lat' dir='ltr'>praemissa</span> <span class='ocrx_word' id='word_1_128' title='bbox 2097 2811 2427 2886; x_wconf 89' lang='lat' dir='ltr'>testibus.</span> 
     </span>
    </p>
   </div>
   <div class='ocr_carea' id='block_1_3' title="bbox 2148 3122 2599 3224">
    <p class='ocr_par' dir='ltr' id='par_1_3' title="bbox 2148 3122 2599 3224">
     <span class='ocr_line' id='line_1_18' title="bbox 2148 3122 2599 3224; baseline -0.002 0"><span class='ocrx_word' id='word_1_129' title='bbox 2148 3122 2599 3224; x_wconf 91' lang='lat' dir='ltr'><strong>CXXVII.</strong></span> 
     </span>
    </p>
   </div>
   <div class='ocr_carea' id='block_1_4' title="bbox 919 3330 3833 3538">
    <p class='ocr_par' dir='ltr' id='par_1_4' title="bbox 919 3330 3833 3538">
     <span class='ocr_line' id='line_1_19' title="bbox 919 3330 3833 3416; baseline 0.001 -4"><span class='ocrx_word' id='word_1_130' title='bbox 919 3331 1024 3412; x_wconf 82' lang='lat' dir='ltr'>De</span> <span class='ocrx_word' id='word_1_131' title='bbox 1063 3331 1634 3415; x_wconf 78' lang='lat' dir='ltr'>coadiutoribus</span> <span class='ocrx_word' id='word_1_132' title='bbox 1687 3330 2173 3414; x_wconf 77' lang='lat' dir='ltr'>admittendis</span> <span class='ocrx_word' id='word_1_133' title='bbox 2220 3332 2315 3414; x_wconf 84' lang='lat' dir='ltr'>ad</span> <span class='ocrx_word' id='word_1_134' title='bbox 2368 3331 2783 3414; x_wconf 79' lang='lat' dir='ltr'>Ecclesiam</span> <span class='ocrx_word' id='word_1_135' title='bbox 2841 3330 3227 3413; x_wconf 81' lang='lat' dir='ltr'>ordinatio.</span> <span class='ocrx_word' id='word_1_136' title='bbox 3286 3331 3493 3414; x_wconf 72' lang='lat' dir='ltr'>Anno</span> <span class='ocrx_word' id='word_1_137' title='bbox 3550 3333 3833 3416; x_wconf 82' lang='lat' dir='ltr'>Domini</span> 
     </span>
     <span class='ocr_line' id='line_1_20' title="bbox 1891 3454 2850 3538; baseline -0.003 -3"><span class='ocrx_word' id='word_1_138' title='bbox 1891 3455 2098 3536; x_wconf 77' lang='lat'><strong>1578.</strong></span> <span class='ocrx_word' id='word_1_139' title='bbox 2158 3455 2397 3538; x_wconf 85' lang='lat' dir='ltr'>Sexta</span> <span class='ocrx_word' id='word_1_140' title='bbox 2452 3454 2850 3537; x_wconf 80' lang='lat' dir='ltr'>Februarii.</span> 
     </span>
    </p>
   </div>
   <div class='ocr_carea' id='block_1_5' title="bbox 847 3664 3875 5474">
    <p class='ocr_par' dir='ltr' id='par_1_5' title="bbox 847 3664 3875 5474">
     <span class='ocr_line' id='line_1_21' title="bbox 1127 3664 3830 3767; baseline 0.001 -26"><span class='ocrx_word' id='word_1_141' title='bbox 1127 3664 1305 3741; x_wconf 76' lang='lat' dir='ltr'>Cum</span> <span class='ocrx_word' id='word_1_142' title='bbox 1363 3667 1455 3742; x_wconf 88' lang='lat' dir='ltr'>de</span> <span class='ocrx_word' id='word_1_143' title='bbox 1507 3668 2044 3767; x_wconf 89' lang='lat' dir='ltr'>receptionibus</span> <span class='ocrx_word' id='word_1_144' title='bbox 2098 3676 2169 3742; x_wconf 92' lang='lat' dir='ltr'>et</span> <span class='ocrx_word' id='word_1_145' title='bbox 2221 3666 2633 3741; x_wconf 89' lang='lat' dir='ltr'>inductione</span> <span class='ocrx_word' id='word_1_146' title='bbox 2686 3666 2761 3739; x_wconf 92' lang='lat' dir='ltr'>in</span> <span class='ocrx_word' id='word_1_147' title='bbox 2815 3667 3003 3739; x_wconf 90' lang='lat' dir='ltr'>hanc</span> <span class='ocrx_word' id='word_1_148' title='bbox 3074 3665 3482 3740; x_wconf 88' lang='lat' dir='ltr'>Ecclesiam</span> <span class='ocrx_word' id='word_1_149' title='bbox 3556 3664 3830 3743; x_wconf 83' lang='lat' dir='ltr'>Cathe-</span> 
     </span>
     <span class='ocr_line' id='line_1_22' title="bbox 921 3786 3833 3865; baseline 0 -2"><span class='ocrx_word' id='word_1_150' title='bbox 921 3789 1194 3863; x_wconf 87' lang='lat' dir='ltr'>dralem</span> <span class='ocrx_word' id='word_1_151' title='bbox 1250 3789 1804 3865; x_wconf 69' lang='lat' dir='ltr'>cracoviensem</span> <span class='ocrx_word' id='word_1_152' title='bbox 1876 3788 2347 3864; x_wconf 88' lang='lat' dir='ltr'>Dominorum</span> <span class='ocrx_word' id='word_1_153' title='bbox 2423 3786 2936 3863; x_wconf 84' lang='lat' dir='ltr'>Ooadiutorum</span> <span class='ocrx_word' id='word_1_154' title='bbox 3006 3787 3101 3860; x_wconf 90' lang='lat' dir='ltr'>ad</span> <span class='ocrx_word' id='word_1_155' title='bbox 3172 3788 3638 3862; x_wconf 86' lang='lat' dir='ltr'>Praelaturas</span> <span class='ocrx_word' id='word_1_156' title='bbox 3697 3813 3833 3864; x_wconf 86' lang='lat' dir='ltr'>seu</span> 
     </span>
     <span class='ocr_line' id='line_1_23' title="bbox 920 3909 3829 4006; baseline 0 -20"><span class='ocrx_word' id='word_1_157' title='bbox 920 3912 1406 3988; x_wconf 86' lang='lat' dir='ltr'>Canonicatus</span> <span class='ocrx_word' id='word_1_158' title='bbox 1449 3936 1537 3987; x_wconf 89' lang='lat' dir='ltr'>ac</span> <span class='ocrx_word' id='word_1_159' title='bbox 1572 3911 2041 3987; x_wconf 90' lang='lat' dir='ltr'>Praebendas</span> <span class='ocrx_word' id='word_1_160' title='bbox 2074 3911 2293 4006; x_wconf 90' lang='lat' dir='ltr'>illius,</span> <span class='ocrx_word' id='word_1_161' title='bbox 2350 3910 2704 4006; x_wconf 90' lang='lat' dir='ltr'>simulque</span> <span class='ocrx_word' id='word_1_162' title='bbox 2759 3909 2848 3983; x_wconf 89' lang='lat' dir='ltr'>de</span> <span class='ocrx_word' id='word_1_163' title='bbox 2886 3911 3133 4004; x_wconf 85' lang='lat' dir='ltr'>seniis,</span> <span class='ocrx_word' id='word_1_164' title='bbox 3191 3910 3405 3984; x_wconf 87' lang='lat' dir='ltr'>stallo</span> <span class='ocrx_word' id='word_1_165' title='bbox 3442 3910 3514 3984; x_wconf 86' lang='lat' dir='ltr'>in</span> <span class='ocrx_word' id='word_1_166' title='bbox 3556 3909 3829 4004; x_wconf 85' lang='lat' dir='ltr'>Choro,</span> 
     </span>
     <span class='ocr_line' id='line_1_24' title="bbox 920 4031 3875 4130; baseline -0 -21"><span class='ocrx_word' id='word_1_167' title='bbox 920 4037 1224 4130; x_wconf 92' lang='lat' dir='ltr'>locoque</span> <span class='ocrx_word' id='word_1_168' title='bbox 1279 4057 1367 4108; x_wconf 86' lang='lat' dir='ltr'>ac</span> <span class='ocrx_word' id='word_1_169' title='bbox 1420 4057 1600 4109; x_wconf 87' lang='lat' dir='ltr'>voce</span> <span class='ocrx_word' id='word_1_170' title='bbox 1653 4036 1728 4108; x_wconf 90' lang='lat' dir='ltr'>in</span> <span class='ocrx_word' id='word_1_171' title='bbox 1785 4032 2125 4130; x_wconf 82' lang='lat' dir='ltr'>Capitulo</span> <span class='ocrx_word' id='word_1_172' title='bbox 2176 4041 2393 4129; x_wconf 88' lang='lat' dir='ltr'>atque</span> <span class='ocrx_word' id='word_1_173' title='bbox 2446 4033 2613 4107; x_wconf 91' lang='lat' dir='ltr'>aliis</span> <span class='ocrx_word' id='word_1_174' title='bbox 2671 4032 3195 4128; x_wconf 83' lang='lat' dir='ltr'>praerogativis</span> <span class='ocrx_word' id='word_1_175' title='bbox 3256 4031 3575 4128; x_wconf 86' lang='lat' dir='ltr'>ipsorum</span> <span class='ocrx_word' id='word_1_176' title='bbox 3630 4043 3875 4108; x_wconf 86' lang='lat' dir='ltr'>mota·</span> 
     </span>
     <span class='ocr_line' id='line_1_25' title="bbox 920 4151 3832 4256; baseline -0.001 -25"><span class='ocrx_word' id='word_1_177' title='bbox 920 4180 1168 4254; x_wconf 89' lang='lat' dir='ltr'>nuper,</span> <span class='ocrx_word' id='word_1_178' title='bbox 1241 4157 1582 4231; x_wconf 88' lang='lat' dir='ltr'>videlicet</span> <span class='ocrx_word' id='word_1_179' title='bbox 1633 4159 1709 4231; x_wconf 91' lang='lat' dir='ltr'>in</span> <span class='ocrx_word' id='word_1_180' title='bbox 1761 4156 2175 4256; x_wconf 89' lang='lat' dir='ltr'>receptione</span> <span class='ocrx_word' id='word_1_181' title='bbox 2237 4155 2700 4230; x_wconf 88' lang='lat' dir='ltr'>Venerabilis</span> <span class='ocrx_word' id='word_1_182' title='bbox 2753 4155 3050 4228; x_wconf 79' lang='lat' dir='ltr'>Demini</span> <span class='ocrx_word' id='word_1_183' title='bbox 3122 4151 3533 4229; x_wconf 86' lang='lat' dir='ltr'>Sebastiani</span> <span class='ocrx_word' id='word_1_184' title='bbox 3598 4153 3832 4229; x_wconf 76' lang='lat' dir='ltr'>Brae-</span> 
     </span>
     <span class='ocr_line' id='line_1_26' title="bbox 847 4271 3834 4379; baseline -0 -26"><span class='ocrx_word' id='word_1_185' title='bbox 847 4377 850 4379; x_wconf 11' lang='grc' dir='ltr'>Ᾰ</span> <span class='ocrx_word' id='word_1_186' title='bbox 921 4278 1163 4353; x_wconf 85' lang='lat' dir='ltr'>zinski</span> <span class='ocrx_word' id='word_1_187' title='bbox 1215 4277 1674 4354; x_wconf 83' lang='lat' dir='ltr'>Coadiutoris</span> <span class='ocrx_word' id='word_1_188' title='bbox 1729 4277 2216 4353; x_wconf 81' lang='lat' dir='ltr'>Canonicatus</span> <span class='ocrx_word' id='word_1_189' title='bbox 2270 4276 2481 4352; x_wconf 90' lang='lat' dir='ltr'>huius</span> <span class='ocrx_word' id='word_1_190' title='bbox 2534 4276 2917 4352; x_wconf 85' lang='lat' dir='ltr'>Ecclesiae</span> <span class='ocrx_word' id='word_1_191' title='bbox 2973 4274 3176 4350; x_wconf 88' lang='lat' dir='ltr'>fundi</span> <span class='ocrx_word' id='word_1_192' title='bbox 3230 4271 3515 4370; x_wconf 80' lang='lat' dir='ltr'>Gorka,</span> <span class='ocrx_word' id='word_1_193' title='bbox 3568 4277 3645 4350; x_wconf 88' lang='lat' dir='ltr'>in</span> <span class='ocrx_word' id='word_1_194' title='bbox 3686 4276 3834 4352; x_wconf 89' lang='lat' dir='ltr'>hoc</span> 
     </span>
     <span class='ocr_line' id='line_1_27' title="bbox 920 4397 3832 4496; baseline -0.001 -20"><span class='ocrx_word' id='word_1_195' title='bbox 920 4400 1342 4476; x_wconf 87' lang='lat' dir='ltr'>Venerabili</span> <span class='ocrx_word' id='word_1_196' title='bbox 1413 4422 1762 4475; x_wconf 88' lang='lat' dir='ltr'>consessu</span> <span class='ocrx_word' id='word_1_197' title='bbox 1835 4401 2162 4496; x_wconf 91' lang='lat' dir='ltr'>quaestio</span> <span class='ocrx_word' id='word_1_198' title='bbox 2236 4407 2628 4494; x_wconf 85' lang='lat' dir='ltr'>exortaque</span> <span class='ocrx_word' id='word_1_199' title='bbox 2699 4400 2996 4474; x_wconf 89' lang='lat' dir='ltr'>fuisset:</span> <span class='ocrx_word' id='word_1_200' title='bbox 3073 4422 3165 4471; x_wconf 89' lang='lat' dir='ltr'>an</span> <span class='ocrx_word' id='word_1_201' title='bbox 3220 4397 3564 4471; x_wconf 88' lang='lat' dir='ltr'>videlicet</span> <span class='ocrx_word' id='word_1_202' title='bbox 3632 4400 3832 4474; x_wconf 89' lang='lat' dir='ltr'>tales</span> 
     </span>
     <span class='ocr_line' id='line_1_28' title="bbox 895 4520 3833 4618; baseline 0 -22"><span class='ocrx_word' id='word_1_203' title='bbox 895 4523 1218 4597; x_wconf 82' lang='lat' dir='ltr'>&#39;Domini</span> <span class='ocrx_word' id='word_1_204' title='bbox 1271 4521 1747 4598; x_wconf 84' lang='lat' dir='ltr'>Ooadiutores</span> <span class='ocrx_word' id='word_1_205' title='bbox 1769 4581 1786 4615; x_wconf 95' lang='lat'>,</span> <span class='ocrx_word' id='word_1_206' title='bbox 1859 4523 2035 4596; x_wconf 91' lang='lat' dir='ltr'>licet</span> <span class='ocrx_word' id='word_1_207' title='bbox 2086 4546 2282 4596; x_wconf 89' lang='lat' dir='ltr'>more</span> <span class='ocrx_word' id='word_1_208' title='bbox 2338 4523 2564 4596; x_wconf 85' lang='lat' dir='ltr'>veteri</span> <span class='ocrx_word' id='word_1_209' title='bbox 2615 4522 2687 4596; x_wconf 90' lang='lat' dir='ltr'>in</span> <span class='ocrx_word' id='word_1_210' title='bbox 2744 4521 2933 4595; x_wconf 88' lang='lat' dir='ltr'>hanc</span> <span class='ocrx_word' id='word_1_211' title='bbox 2986 4520 3395 4594; x_wconf 89' lang='lat' dir='ltr'>Ecclesiam</span> <span class='ocrx_word' id='word_1_212' title='bbox 3468 4520 3702 4618; x_wconf 89' lang='lat' dir='ltr'>recipi</span> <span class='ocrx_word' id='word_1_213' title='bbox 3760 4531 3833 4596; x_wconf 91' lang='lat' dir='ltr'>et</span> 
     </span>
     <span class='ocr_line' id='line_1_29' title="bbox 922 4642 3831 4737; baseline -0 -20"><span class='ocrx_word' id='word_1_214' title='bbox 922 4643 1166 4719; x_wconf 91' lang='lat' dir='ltr'>induci</span> <span class='ocrx_word' id='word_1_215' title='bbox 1220 4644 1415 4718; x_wconf 88' lang='lat' dir='ltr'>soliti</span> <span class='ocrx_word' id='word_1_216' title='bbox 1467 4653 1672 4737; x_wconf 87' lang='lat' dir='ltr'>sunt,</span> <span class='ocrx_word' id='word_1_217' title='bbox 1749 4644 2058 4719; x_wconf 90' lang='lat' dir='ltr'>debeant</span> <span class='ocrx_word' id='word_1_218' title='bbox 2113 4646 2324 4718; x_wconf 90' lang='lat' dir='ltr'>etiam</span> <span class='ocrx_word' id='word_1_219' title='bbox 2392 4645 2607 4718; x_wconf 87' lang='lat' dir='ltr'>stalla</span> <span class='ocrx_word' id='word_1_220' title='bbox 2658 4644 2734 4717; x_wconf 89' lang='lat' dir='ltr'>in</span> <span class='ocrx_word' id='word_1_221' title='bbox 2790 4642 3075 4736; x_wconf 82' lang='lat' dir='ltr'>Choro,</span> <span class='ocrx_word' id='word_1_222' title='bbox 3152 4642 3388 4716; x_wconf 92' lang='lat' dir='ltr'>locum</span> <span class='ocrx_word' id='word_1_223' title='bbox 3442 4649 3517 4716; x_wconf 89' lang='lat' dir='ltr'>et</span> <span class='ocrx_word' id='word_1_224' title='bbox 3568 4665 3831 4717; x_wconf 85' lang='lat' dir='ltr'>vocem</span> 
     </span>
     <span class='ocr_line' id='line_1_30' title="bbox 921 4764 3831 4863; baseline -0 -24"><span class='ocrx_word' id='word_1_225' title='bbox 921 4767 996 4839; x_wconf 88' lang='lat' dir='ltr'>in</span> <span class='ocrx_word' id='word_1_226' title='bbox 1034 4764 1392 4863; x_wconf 81' lang='lat' dir='ltr'>Capitulo‚</span> <span class='ocrx_word' id='word_1_227' title='bbox 1452 4767 1618 4840; x_wconf 91' lang='lat' dir='ltr'>dum</span> <span class='ocrx_word' id='word_1_228' title='bbox 1655 4791 1900 4842; x_wconf 89' lang='lat' dir='ltr'>eorum</span> <span class='ocrx_word' id='word_1_229' title='bbox 1939 4767 2394 4863; x_wconf 86' lang='lat' dir='ltr'>Principales</span> <span class='ocrx_word' id='word_1_230' title='bbox 2432 4774 2596 4840; x_wconf 89' lang='lat' dir='ltr'>sunt</span> <span class='ocrx_word' id='word_1_231' title='bbox 2634 4766 3080 4862; x_wconf 88' lang='lat' dir='ltr'>superstites,</span> <span class='ocrx_word' id='word_1_232' title='bbox 3135 4764 3404 4838; x_wconf 89' lang='lat' dir='ltr'>habere</span> <span class='ocrx_word' id='word_1_233' title='bbox 3444 4770 3566 4837; x_wconf 90' lang='lat' dir='ltr'>aut</span> <span class='ocrx_word' id='word_1_234' title='bbox 3603 4766 3831 4838; x_wconf 90' lang='lat' dir='ltr'>etiam</span> 
     </span>
     <span class='ocr_line' id='line_1_31' title="bbox 925 4887 3831 4984; baseline -0 -23"><span class='ocrx_word' id='word_1_235' title='bbox 925 4888 1284 4984; x_wconf 85' lang='lat' dir='ltr'>aliquibus</span> <span class='ocrx_word' id='word_1_236' title='bbox 1349 4889 1877 4984; x_wconf 84' lang='lat' dir='ltr'>praerogativis</span> <span class='ocrx_word' id='word_1_237' title='bbox 1929 4890 2002 4962; x_wconf 86' lang='lat' dir='ltr'>in</span> <span class='ocrx_word' id='word_1_238' title='bbox 2058 4889 2196 4962; x_wconf 88' lang='lat' dir='ltr'>hac</span> <span class='ocrx_word' id='word_1_239' title='bbox 2249 4888 2587 4963; x_wconf 82' lang='lat' dir='ltr'>Ecclesia</span> <span class='ocrx_word' id='word_1_240' title='bbox 2642 4888 2759 4961; x_wconf 88' lang='lat' dir='ltr'>vel</span> <span class='ocrx_word' id='word_1_241' title='bbox 2814 4887 3227 4984; x_wconf 87' lang='lat' dir='ltr'>optionibus</span> <span class='ocrx_word' id='word_1_242' title='bbox 3281 4909 3411 4960; x_wconf 86' lang='lat' dir='ltr'>seu</span> <span class='ocrx_word' id='word_1_243' title='bbox 3464 4887 3831 4982; x_wconf 88' lang='lat' dir='ltr'>provisio-</span> 
     </span>
     <span class='ocr_line' id='line_1_32' title="bbox 923 5007 3833 5104; baseline 0 -22"><span class='ocrx_word' id='word_1_244' title='bbox 923 5011 1136 5085; x_wconf 88' lang='lat' dir='ltr'>nibus</span> <span class='ocrx_word' id='word_1_245' title='bbox 1190 5009 1558 5085; x_wconf 89' lang='lat' dir='ltr'>domorum</span> <span class='ocrx_word' id='word_1_246' title='bbox 1613 5019 1738 5086; x_wconf 90' lang='lat' dir='ltr'>aut</span> <span class='ocrx_word' id='word_1_247' title='bbox 1787 5011 2120 5085; x_wconf 87' lang='lat' dir='ltr'>villarum</span> <span class='ocrx_word' id='word_1_248' title='bbox 2177 5010 2299 5099; x_wconf 92' lang='lat' dir='ltr'>uti,</span> <span class='ocrx_word' id='word_1_249' title='bbox 2355 5010 2497 5085; x_wconf 89' lang='lat' dir='ltr'>frui</span> <span class='ocrx_word' id='word_1_250' title='bbox 2534 5017 2603 5083; x_wconf 92' lang='lat' dir='ltr'>et</span> <span class='ocrx_word' id='word_1_251' title='bbox 2645 5009 3005 5104; x_wconf 80' lang='lat' dir='ltr'>gaudere3</span> <span class='ocrx_word' id='word_1_252' title='bbox 3061 5007 3473 5082; x_wconf 87' lang='lat' dir='ltr'>Reverendi</span> <span class='ocrx_word' id='word_1_253' title='bbox 3525 5009 3833 5083; x_wconf 90' lang='lat' dir='ltr'>Domini</span> 
     </span>
     <span class='ocr_line' id='line_1_33' title="bbox 925 5130 3830 5230; baseline -0 -24"><span class='ocrx_word' id='word_1_254' title='bbox 925 5131 1335 5230; x_wconf 87' lang='lat' dir='ltr'>Capitulum</span> <span class='ocrx_word' id='word_1_255' title='bbox 1393 5157 1547 5206; x_wconf 88' lang='lat' dir='ltr'>eam</span> <span class='ocrx_word' id='word_1_256' title='bbox 1604 5133 2139 5228; x_wconf 87' lang='lat' dir='ltr'>quaestionem,</span> <span class='ocrx_word' id='word_1_257' title='bbox 2218 5155 2402 5228; x_wconf 89' lang='lat' dir='ltr'>quae</span> <span class='ocrx_word' id='word_1_258' title='bbox 2456 5130 2742 5227; x_wconf 89' lang='lat' dir='ltr'>quidem</span> <span class='ocrx_word' id='word_1_259' title='bbox 2800 5153 2941 5204; x_wconf 90' lang='lat' dir='ltr'>non</span> <span class='ocrx_word' id='word_1_260' title='bbox 2999 5131 3205 5227; x_wconf 89' lang='lat' dir='ltr'>parvi</span> <span class='ocrx_word' id='word_1_261' title='bbox 3258 5130 3597 5204; x_wconf 86' lang='lat' dir='ltr'>momenti</span> <span class='ocrx_word' id='word_1_262' title='bbox 3654 5153 3830 5205; x_wconf 89' lang='lat' dir='ltr'>esse</span> 
     </span>
     <span class='ocr_line' id='line_1_34' title="bbox 923 5253 3828 5352; baseline 0 -25"><span class='ocrx_word' id='word_1_263' title='bbox 923 5253 1228 5348; x_wconf 87' lang='lat' dir='ltr'>videtur,</span> <span class='ocrx_word' id='word_1_264' title='bbox 1281 5254 1356 5329; x_wconf 90' lang='lat' dir='ltr'>in</span> <span class='ocrx_word' id='word_1_265' title='bbox 1405 5254 1546 5329; x_wconf 88' lang='lat' dir='ltr'>hoe</span> <span class='ocrx_word' id='word_1_266' title='bbox 1600 5254 1937 5352; x_wconf 83' lang='lat' dir='ltr'>Capitulo</span> <span class='ocrx_word' id='word_1_267' title='bbox 1991 5253 2321 5348; x_wconf 85' lang='lat' dir='ltr'>generali</span> <span class='ocrx_word' id='word_1_268' title='bbox 2376 5253 2845 5329; x_wconf 89' lang='lat' dir='ltr'>determinare</span> <span class='ocrx_word' id='word_1_269' title='bbox 2899 5253 3251 5347; x_wconf 90' lang='lat' dir='ltr'>volentes,</span> <span class='ocrx_word' id='word_1_270' title='bbox 3306 5253 3400 5327; x_wconf 88' lang='lat' dir='ltr'>ad</span> <span class='ocrx_word' id='word_1_271' title='bbox 3456 5275 3613 5326; x_wconf 89' lang='lat' dir='ltr'>eum</span> <span class='ocrx_word' id='word_1_272' title='bbox 3669 5276 3828 5327; x_wconf 92' lang='lat' dir='ltr'>mo-</span> 
     </span>
     <span class='ocr_line' id='line_1_35' title="bbox 926 5373 3831 5474; baseline 0 -24"><span class='ocrx_word' id='word_1_273' title='bbox 926 5376 1092 5452; x_wconf 86' lang='lat' dir='ltr'>dum</span> <span class='ocrx_word' id='word_1_274' title='bbox 1146 5376 1626 5452; x_wconf 91' lang='lat' dir='ltr'>definiendum</span> <span class='ocrx_word' id='word_1_275' title='bbox 1681 5384 1754 5451; x_wconf 89' lang='lat' dir='ltr'>et</span> <span class='ocrx_word' id='word_1_276' title='bbox 1789 5375 2261 5452; x_wconf 90' lang='lat' dir='ltr'>decidendum</span> <span class='ocrx_word' id='word_1_277' title='bbox 2318 5383 2781 5474; x_wconf 89' lang='lat' dir='ltr'>putaverunt,</span> <span class='ocrx_word' id='word_1_278' title='bbox 2857 5374 3309 5450; x_wconf 87' lang='lat' dir='ltr'>declarantes</span> <span class='ocrx_word' id='word_1_279' title='bbox 3364 5373 3831 5450; x_wconf 85' lang='lat' dir='ltr'>Coadiutoris</span> 
     </span>
    </p>
   </div>
  </div>
 </body>
</html>
