4055 6364
1345 757 1906 834 ...223-

163 967 485 1061 Mariae,
563 965 882 1041 secunda
961 967 1078 1040 die
1133 973 1302 1064 post
1371 965 1778 1042 inchoatum
1826 964 2259 1063 Capitulum,
2334 960 2673 1036 videlicet
2743 958 3078 1035 Officium

163 1089 692 1164 Defunctorum
749 1111 1004 1162 novem
1059 1087 1482 1164 Lectionum
1540 1087 1610 1161 in
1667 1095 1879 1162 cantu
1935 1087 2147 1181 gravi
2202 1094 2274 1160 et
2317 1085 2515 1159 lento
2551 1107 2684 1180 per
2718 1081 3078 1173 Vicarios,

171 1233 336 1286 cum
395 1209 628 1286 Missa
682 1210 772 1284 de
824 1209 1175 1306 Requiem
1251 1232 1384 1307 per
1438 1231 1650 1284 unum
1709 1231 1799 1282 ex
1853 1207 2405 1282 Pel-illustribus
2468 1203 2807 1278 Dominis
2861 1202 3079 1300 Capi·

163 1333 535 1409 tularibus
608 1333 990 1428 cantanda,
1069 1333 1186 1408 cui
1241 1331 1506 1407 Officio
1563 1337 1636 1404 et
1685 1329 1961 1404 Missae
2007 1329 2280 1424 singuli
2350 1325 2667 1401 Praelati
2720 1332 2793 1399 et
2845 1322 3080 1400 Cano-

171 1456 322 1530 nici
397 1464 702 1553 protunc
773 1461 1196 1552 praesentes
1263 1452 1650 1527 choralitcr
1713 1453 1787 1524 in
1862 1452 2102 1527 stallis
2172 1449 2456 1542 adesse,
2530 1447 2921 1521 Lectiones
2990 1470 3085 1522 ex

173 1572 392 1653 turno
446 1576 833 1651 decantare
906 1585 977 1651 et
1027 1574 1217 1650 idem
1293 1573 1636 1649 Officium
1693 1574 2215 1649 Defunctorum
2282 1573 2418 1648 sub
2470 1570 2546 1644 id
2598 1577 2883 1667 tempus
2934 1569 3082 1666 pri·

167 1699 399 1773 vatim
454 1699 719 1794 dicere,
777 1707 849 1772 et
901 1698 1174 1792 singuli
1227 1720 1439 1770 unam
1496 1695 1798 1770 Missam
1852 1696 2113 1770 lectam
2170 1694 2423 1769 eodem
2482 1691 2600 1766 die
2658 1712 2790 1789 pro
2843 1689 3083 1764 anima

165 1829 446 1916 nostra,
509 1821 629 1894 vel
697 1819 790 1895 ad
844 1843 1198 1896 summum
1249 1819 1324 1894 in
1379 1819 1766 1894 crastinum
1813 1818 2081 1906 dicere,
2143 1816 2264 1892 vel
2317 1816 2411 1890 ab
2465 1814 2613 1889 alio
2686 1809 3083 1886 Sacerdote

169 1941 324 2017 dici
378 1965 766 2041 procurare
819 1941 1233 2038 obligentur
1288 1941 1423 2016 sub
1479 1964 1698 2014 onere
1754 1939 2270 2015 conscientiae.
2360 1935 2670 2010 Ratione
2740 1957 3082 2030 praesen-

169 2065 322 2140 tiae
398 2065 739 2139 absentes
813 2064 910 2138 ab
969 2063 1396 2139 Invitatorio
1473 2062 1804 2138 volumus
1857 2087 1902 2136 a
1959 2059 2511 2158 participatione
2594 2056 2907 2152 excludi,
2967 2056 3084 2131 cui

167 2187 472 2261 obnoxii
527 2193 734 2260 erunt
784 2208 916 2283 pro
990 2209 1132 2260 uno
1203 2194 1412 2259 turno
1496 2185 1962 2259 Perillustres
2034 2181 2326 2255 Domini
2398 2179 2879 2276 Capitulares,
2956 2178 3085 2274 qui

165 2308 248 2381 iu
302 2309 528 2384 Festo
585 2307 1118 2383 Purifioationis
1153 2331 1198 2381 a
1235 2307 1467 2382 Missa
1541 2305 2019 2381 Conventuali
2087 2325 2253 2379 sese
2306 2301 2869 2378 absentaverint.

1315 2615 1950 2718 CCLXXVIII.

179 2826 593 2910 Decretum
648 2826 788 2907 vim
845 2825 1140 2908 statuti
1199 2825 1514 2923 habens,
1572 2842 1804 2924 super
1861 2822 2145 2905 Gratiis
2202 2825 2287 2905 et
2336 2823 2629 2924 fundis,
2687 2822 3081 2905 continens

172 2951 248 3031 in
305 2968 424 3048 se,
481 2950 569 3030 ut
616 2949 1042 3031 revisiones
1095 2947 1288 3029 fiant
1358 2947 1776 3028 triennales
1851 2947 1935 3027 et
1987 2945 2453 3028 conditiones
2508 2944 2606 3026 ad
2660 2939 3085 3045 reparatio-

175 3091 347 3153 nem
420 3071 956 3172 assignentur,
1031 3069 1294 3170 quibus
1369 3087 1510 3150 non
1585 3067 1930 3168 expietis,
2005 3066 2533 3168 sequestratio
2614 3062 3083 3165 assignanda

239 3193 326 3274 et
382 3191 970 3275 determinanda.
1031 3192 1158 3273 Die
1198 3192 1490 3305 Martis,
1550 3208 1746 3291 quae
1799 3188 1946 3271 fuit
2001 3189 2078 3271 13
2133 3188 2534 3287 Februarii,
2590 3188 2799 3270 Anno
2854 3181 3035 3269 1731.

394 3403 754 3493 Quoniam
805 3403 1044 3495 longa·
1081 3401 1526 3497 experientia
1580 3399 1856 3491 edocet,
1916 3398 2105 3494 quod
2164 3399 2452 3497 plurimi
2503 3398 2969 3474 Perillustres
3016 3403 3089 3471 et

173 3524 800 3601 Reverendissimi
879 3524 1174 3601 Domini
1253 3523 1576 3597 Praelati
1657 3530 1730 3596 et
1801 3522 2174 3612 Canonici,
2231 3529 2536 3619 accepta
2616 3520 3086 3619 possessione

175 3645 388 3723 fundi
477 3650 631 3723 sive
687 3644 1014 3739 Gratiae,
1089 3645 1312 3719 variis
1365 3645 1437 3719 in
1495 3646 1680 3721 locis
1751 3645 2053 3719 aliorum
2126 3644 2577 3739 negotiorum
2633 3665 2854 3717 causa
2906 3641 3085 3716 resi-

179 3770 358 3844 dere
412 3770 706 3865 saepius
759 3773 1131 3862 cogantur,
1189 3790 1274 3839 ac
1329 3790 1460 3861 per
1511 3766 1854 3842 incuriam
1910 3766 2273 3864 ipsorum,
2348 3765 2503 3839 sive
2556 3760 3085 3837 Perillustrium

177 3890 474 3965 illorum
523 3890 1124 3986 Plenipoteutum‚
1171 3887 1505 3961 aedificia
1556 3888 1632 3961 in
1667 3887 1890 3962 Villis
1942 3895 2087 3960 tam
2144 3885 2545 3975 fundorum,
2607 3908 2817 3979 qnam
2874 3883 3085 3957 etiam

182 4010 606 4087 Gratiarum
663 4033 1182 4108 saepenumero
1240 4009 1693 4104 desolantur3
1762 4032 1851 4083 ex
1908 4030 2050 4103 quo
2104 4008 2370 4081 motivo
2428 4005 2889 4080 Pei-illustres
2939 4003 3083 4078 Re·

183 4133 696 4208 verendissimi
763 4132 1058 4206 Domini
1115 4129 1520 4228 Capitulum
1578 4128 2014 4204 Cathedrale
2071 4127 2559 4203 Cracoviense
2612 4128 2685 4199 in
2740 4126 3086 4200 hodierno

181 4254 514 4350 generali
571 4252 1011 4347 Congressu,
1078 4252 1524 4349 providendo
1594 4253 1824 4325 cnivis
1879 4251 2433 4348 praemissorum
2490 4246 2957 4337 indemnitati,
3014 4254 3087 4319 et

185 4374 552 4451 obviando
606 4399 697 4449 ne
749 4376 824 4448 iu
879 4384 1243 4471 posterum
1301 4373 1586 4469 aliquae
1642 4373 1976 4446 eveniant
2031 4370 2559 4462 desolationes,
2631 4377 2797 4442 ante
2850 4369 3091 4442 omnia

184 4499 619 4573 revisionem
677 4498 1022 4571 dictorum
1079 4496 1458 4570 fundorum
1517 4502 1588 4569 et
1616 4492 2055 4584 Gratiarum,
2112 4517 2199 4566 ae
2237 4498 2466 4567 status
2512 4491 2925 4583 eorundem,
2966 4514 3085 4564 ue-

186 4620 580 4695 cessariam
656 4642 821 4694 esse
874 4618 1414 4710 adinvenerunt,
1491 4641 1702 4712 quam
1760 4616 1850 4688 dc
1905 4616 2211 4689 triennio
2264 4615 2334 4687 iu
2393 4613 2770 4688 triennium
2827 4612 3091 4686 futuris

187 4742 561 4839 perpetuis
631 4741 1074 4837 temporibus
1145 4764 1276 4835 pcr
1329 4738 1792 4816 Perillustres
1865 4745 1937 4810 ct
1987 4734 2665 4810 Reverendissimos
2745 4732 3092 4807 Dominos

192 4863 608 4939 Canonicos
662 4885 702 4935 e
757 4860 992 4935 medio
1047 4861 1161 4934 sui
1215 4858 1668 4958 deputandos
1738 4856 2255 4955 expediendam
2314 4857 2853 4931 constituerunt.
2948 4853 3092 4943 Qui

190 4985 660 5060 Perillustres
729 4992 802 5058 et
855 4983 1472 5057 Reverendissimi
1537 4982 1830 5056 Domini
1883 4980 2278 5053 Revisorcs
2333 4977 2746 5053 Inventaria
2798 4976 2873 5049 in
2924 4975 3089 5050 loco

189 5106 336 5181 loci
389 5105 885 5195 verificabunt,
943 5104 1062 5178 vel
1115 5104 1180 5177 si
1235 5103 1649 5200 conscripta
1703 5125 1842 5206 non
1898 5102 2182 5194 fuerint,
2222 5101 2631 5196 ibidemque
2667 5099 2881 5195 plene
2921 5120 3089 5170 eon-

193 5228 460 5320 ficient,
517 5236 778 5301 statum
835 5226 1195 5301 Bonorum
1271 5224 1719 5317 describent,
1778 5232 1850 5298 et
1901 5223 1974 5295 in
2032 5221 2498 5317 subsequenti
2571 5219 2909 5317 Capitulo
2963 5241 3090 5310 gc·

197 5350 426 5427 nerali
496 5358 778 5445 gestam
848 5372 980 5448 per
1050 5373 1130 5423 se
1165 5418 1172 5423 ,
1203 5347 1426 5422 officii
1495 5345 1918 5421 relationem
1990 5344 2068 5418 in
2122 5344 2393 5440 scripto
2459 5340 2880 5440 producent,
2954 5361 3097 5436 qua
