4055 6364
1397 716 1961 797 -113-

247 953 486 1006 nomen
536 927 879 1004 strictiori
912 927 1128 1004 modo
1167 928 1668 1029 accipiendum
1705 952 1872 1006 esse
1909 937 1982 1004 et
2016 928 2327 1025 intelligi
2382 926 2671 1027 debere,
2728 954 2963 1029 neque
2999 932 3130 1007 ali-

247 1076 430 1150 quem
461 1049 995 1144 Goadiutorem,
1027 1052 1309 1129 etiamsi
1335 1054 1412 1129 in
1443 1050 1690 1129 Sacris
1723 1052 2121 1129 Ordinibus
2150 1053 2367 1128 fuerit
2399 1054 2849 1151 constitutae,
2881 1054 3133 1153 aliqua

246 1175 368 1251 alia
413 1174 923 1273 praerogativa
969 1175 1073 1250 uti
1111 1183 1183 1251 et
1215 1178 1539 1272 gaudere
1591 1197 1837 1275 posse,
1896 1197 2110 1272 quam
2166 1176 2359 1272 quod
2414 1183 2687 1251 certam
2740 1200 2948 1277 spem
2998 1178 3130 1254 ha-

243 1300 388 1375 beat
436 1299 526 1374 de
577 1299 820 1373 futura
873 1300 1340 1387 successione
1394 1300 1488 1375 ad
1544 1297 1972 1375 beneficium
2025 1321 2159 1373 seu
2211 1295 2732 1374 Canonicatum
2785 1301 2857 1374 in
2908 1324 3125 1376 even-

243 1430 370 1496 tum
415 1421 668 1496 mortis
719 1420 1222 1496 Beuefactoris
1257 1422 1392 1517 sui,
1450 1421 1567 1497 cui
1601 1421 1676 1495 in
1717 1419 2229 1495 Coadiutorem
2285 1420 2495 1497 datus
2550 1428 2683 1516 est,
2741 1429 2812 1497 et
2851 1422 2918 1498 si
2955 1421 3128 1521 quid

241 1552 588 1641 praeterea
645 1567 732 1618 ex
787 1543 1260 1641 proventibus
1315 1568 1446 1620 seu
1500 1543 1798 1618 decimis
1850 1542 2049 1617 illius
2102 1543 2437 1618 beneficii
2488 1544 2757 1621 habeat
2808 1545 2952 1620 sibi
2997 1570 3130 1645 per

243 1689 420 1741 suum
472 1665 964 1763 Principalem
1040 1666 1488 1762 assignatum
1554 1674 1626 1741 et
1678 1665 1911 1739 literis
1982 1665 2336 1741 eiusmodi
2408 1664 2925 1743 Ooadiutoriae
2995 1693 3128 1766 per

243 1784 475 1863 Sedem
527 1787 1034 1887 Apostolicam
1090 1789 1609 1885 approbatum,
1669 1786 2204 1883 confirmatum,
2260 1788 2355 1863 iis
2407 1789 2899 1865 tantummodo
2954 1814 3126 1866 con-

241 1916 450 1987 tentus
520 1933 688 1986 esse
762 1910 1055 1985 debebit
1108 1918 1180 1986 et
1232 1917 1492 1985 utetur.
1586 1908 1731 1985 Sed
1787 1910 2076 1985 vivente
2150 1910 2551 2007 Principali
2623 1934 2785 2006 suo,
2860 1913 3127 1989 nemini

240 2030 632 2109 Coadiutori
701 2056 936 2136 neque
1007 2032 1224 2108 stallo
1278 2033 1353 2108 in
1409 2032 1690 2127 Chore,
1765 2055 2000 2130 neque
2070 2033 2236 2108 loco
2292 2038 2365 2107 et
2418 2055 2599 2108 voce
2654 2034 2730 2108 in
2786 2031 3125 2132 Capitulo

240 2156 326 2231 uti
371 2156 656 2230 minime
708 2156 976 2247 licebit,
1034 2155 1318 2231 etiamsi
1368 2156 1474 2229 uti
1526 2155 2002 2254 praemissum
2060 2161 2193 2249 est,
2252 2155 2347 2229 sit
2398 2156 2472 2230 in
2528 2152 2775 2231 Sacris
2831 2154 3122 2232 Ordini-

239 2277 358 2353 bus
407 2278 874 2371 constitutus,
954 2286 1330 2374 praeterea
1401 2275 1692 2353 Senium
1764 2302 1896 2353 seu
1959 2277 2541 2373 praerogativam
2595 2278 2689 2353 ad
2745 2278 2998 2354 domos
3052 2286 3125 2355 et

239 2400 430 2476 villas
478 2400 837 2499 optandas
891 2423 1032 2474 non
1088 2400 1231 2474 nisi
1285 2408 1453 2497 post
1505 2407 1805 2475 mortem
1863 2422 2093 2497 usque
2148 2400 2260 2474 sui
2306 2399 2747 2498 Principalis
2801 2401 3119 2498 habebit,

239 2530 428 2619 atque
462 2523 556 2597 ad
594 2546 757 2599 eum
793 2523 1080 2598 modum
1122 2521 1212 2595 de
1249 2523 1582 2597 omnibus
1630 2522 1966 2597 Dominis
2019 2519 2583 2598 Ooadiutoribus
2626 2522 3013 2598 tenendum
3048 2532 3123 2599 et

237 2646 658 2722 sentiendum
710 2645 972 2719 futuris
1019 2645 1462 2742 temporibus
1523 2645 2017 2739 decreverunt,
2076 2651 2480 2719 statuerunt
2517 2668 2607 2719 ac
2642 2643 3120 2722 definiverunt

236 2752 978 2864 atqueconcluseruut.
1025 2767 1442 2841 Decedente
1487 2774 1723 2841 autem
1754 2791 1845 2841 ex
1871 2767 2010 2841 hac
2048 2766 2339 2841 mortali
2363 2768 2513 2840 vita
2548 2767 2791 2864 aliquo
2818 2790 3117 2866 posses-

236 2912 377 2966 sore
401 2891 805 2988 principali,
844 2898 992 2965 tum
1023 2890 1305 2965 demum
1347 2888 1743 2964 Ooadiutor
1776 2890 2029 2986 ipsius,
2071 2890 2353 2964 etiamsi
2379 2890 2744 2985 posterius
2771 2889 2845 2964 in
2877 2888 3115 2966 Ooad-

234 3012 508 3088 intorem
543 3013 761 3090 fuerit
796 3020 1135 3111 receptus
1173 3020 1244 3087 et
1279 3012 1353 3086 in
1391 3013 1803 3087 Ecclesiam
1856 3011 2328 3106 introductus,
2386 3012 2679 3087 stallum
2731 3013 2805 3088 in
2848 3012 3113 3109 Ohoro,

234 3135 440 3212 locum
500 3144 573 3213 et
625 3158 878 3213 vocem
932 3136 1007 3210 in
1063 3134 1423 3234 Capitale,
1482 3131 1774 3210 Senium
1833 3134 2044 3210 etiam
2094 3142 2167 3210 et
2200 3135 2781 3232 praerogativam
2836 3136 2931 3213 ad
2987 3137 3112 3213 do-

233 3281 369 3336 mos
411 3270 481 3336 et
514 3261 734 3336 villas
786 3259 1143 3359 optandas
1197 3266 1362 3334 ante
1398 3245 1604 3339 'alios
1660 3255 2162 3354 Coadiutores,
2222 3258 2551 3355 quamvis
2604 3259 2809 3356 prius
2860 3283 3111 3359 recep-

232 3387 350 3475 tos,
399 3383 666 3459 habere
711 3390 784 3457 et
819 3383 1129 3457 retinere
1184 3381 1506 3476 debebit,
1560 3380 1874 3477 iamque.
1903 3388 2165 3487 extunc
2218 3381 2799 3456 annumerandus
2854 3382 2989 3456 erit
3041 3369 3153 3458 et'

229 3502 722 3581 adscribendus
757 3504 1212 3580 Reverendis
1267 3503 1605 3578 Dominis
1658 3503 2019 3578 Praelatis
2069 3512 2140 3578 et
2176 3502 2589 3597 Canonicis,
2646 3504 2919 3599 totique
2961 3504 3109 3580 Ve-

230 3627 508 3720 nerabili
560 3625 901 3730 Capitulo
951 3627 1165 3703 huius
1218 3626 1643 3720 Ecclesiae,
1720 3625 1822 3700 uti
1875 3648 2097 3702 verus
2150 3634 2221 3700 et
2272 3625 2641 3720 legitimus
2696 3623 3111 3703 Canonicus

231 3747 522 3824 ciusdem
588 3751 706 3826 cui
761 3749 1116 3826 successit
1179 3770 1586 3847 possessor.
1684 3747 1897 3837 Quod
1970 3747 2261 3845 quidem
2330 3747 2744 3822 Reverendi
2812 3746 3109 3823 Domini

232 3864 662 3968 Capitulares
713 3873 786 3947 in
841 3879 1210 3970 posterum
1263 3871 1560 3946 firmiter
1611 3869 1995 3946 tenendum
2052 3894 2140 3945 ac
2178 3869 2706 3946 observandum
2763 3878 2979 3967 atque
3030 3871 3107 3946 in

230 3995 622 4070 executione
675 4017 965 4092 semper
1013 3992 1421 4070 habendum
1478 3993 1968 4090 decreverunt,
2025 3999 2427 4068 statuerunt
2462 4000 2535 4068 et
2570 3994 3100 4069 concluserunt.

1409 4305 1901 4409 CXXVIII.

231 4513 320 4598 lle
353 4516 661 4620 quinque
700 4517 957 4600 Missis
994 4515 1404 4620 explendis.
1460 4516 1668 4599 Anno
1709 4514 1985 4598 Domini
2023 4514 2227 4598 1579.
2286 4482 2415 4596 Die
2466 4512 2862 4600 undecima
2910 4515 3103 4599 Maii.

409 4726 584 4803 Cum
643 4727 735 4803 de
788 4727 1042 4804 Missis
1098 4725 1509 4823 cantandis,
1583 4725 2202 4825 hebdomadisque
2272 4748 2405 4825 per
2474 4726 2831 4802 Dominos
2900 4726 3101 4802 iuxta

228 4847 524 4926 ordinem
554 4852 878 4949 ipsorum
913 4851 1265 4945 tenendis,
1305 4857 1651 4926 tractatus
1687 4849 2014 4924 nonnulli
2049 4850 2504 4944 haberentur,
2547 4850 3098 4948 compluresque

229 4991 304 5044 ex
349 4971 678 5048 Dominis
733 4973 1337 5071 expostulassent,
1394 4974 1586 5070 quod
1642 4997 1728 5048 ea
1780 4972 2065 5069 Marca,
2122 4995 2307 5070 quae
2362 4972 2457 5046 ab
2513 4968 2868 5048 eiusmodi
2918 4971 3094 5046 heb-

227 5091 508 5170 domada
557 5119 688 5172 seu
723 5097 910 5172 alias
945 5096 1040 5171 ab
1088 5095 1242 5170 eius
1281 5095 1593 5193 quinque
1645 5095 1901 5171 Missis
1954 5094 2335 5170 cantandis
2382 5094 2709 5190 solvitur,
2764 5095 3095 5170 mulctari

229 5217 504 5314 soleant,
557 5217 776 5316 idque
809 5227 1196 5318 propterea
1249 5219 1504 5314 solum,
1571 5217 1763 5316 quod
1817 5241 2030 5292 unam
2085 5224 2211 5292 aut
2262 5217 2559 5292 alteram
2619 5239 2865 5292 earum
2915 5216 3091 5292 heb-

231 5336 660 5417 domadarius
693 5365 787 5418 ex
820 5342 1064 5439 aliquo
1118 5341 1331 5416 etiam
1367 5341 1592 5436 legali
1644 5339 2153 5439 impedimento
2190 5363 2322 5438 per
2358 5361 2439 5415 se
2474 5340 2711 5438 ipsum
2750 5362 2909 5414 eam
2946 5359 3091 5413 non

2733 5455 2815 5524 15
