4055 6364
1358 697 1916 798 -1'67-

1420 997 1886 1099 CXCVIII.

185 1207 569 1290 innovatio
633 1203 956 1304 Stabiu,
1031 1224 1164 1304 ne,
1231 1205 1396 1287 dum
1461 1207 2181 1305 consanpuineorum
2257 1206 2325 1286 in
2393 1205 2726 1305 capitulo
2799 1207 3101 1306 neuotia

186 1329 659 1427 metantur,
735 1326 1149 1410 Reverendi
1205 1326 1476 1409 Domini
1533 1327 1798 1409 eadem
1855 1330 2368 1427 proponentes
2433 1328 2808 1410 intersint.
2883 1328 3091 1410 Anno

823 1449 1092 1533 Domini
1151 1447 1374 1531 1604.
1433 1449 1562 1531 Die
1615 1446 1932 1531 sabbati
1988 1448 2038 1529 9
2098 1447 2469 1531 octobris.

403 1661 800 1760 Cupientes
851 1659 1263 1736 Reverendi
1319 1659 1613 1733 Domini
1664 1659 1928 1733 bonum
1984 1666 2058 1733 et
2112 1658 2429 1735 debitum
2482 1659 2805 1734 ordinem
2853 1661 2927 1733 in
2975 1659 3099 1734 de-

183 1785 740 1860 liberationibus
795 1782 1314 1880 capitularibus
1367 1782 1762 1876 observari,
1819 1790 1892 1856 et
1937 1805 2024 1854 ea
2062 1805 2246 1877 quae
2299 1781 2653 1857 Maiorum
2711 1782 3101 1880 providen-

188 1907 292 1980 tia
345 1906 810 1981 laudabiliter
863 1905 1252 1980 constituta
1305 1912 1491 1999 sunt,
1555 1904 1699 1977 iam
1752 1927 1797 1976 a
1850 1903 2073 1977 multo
2131 1910 2452 2001 tempore
2506 1927 2637 2001 per
2691 1902 3098 1979 desuetudi-

190 2052 357 2104 nem
407 2028 768 2125 quandam
823 2027 1159 2123 neglecta
1211 2027 1516 2117 fuerunt,
1573 2026 1645 2098 in
1682 2048 1888 2100 usum
1945 2048 2310 2117 revocare,
2369 2022 2723 2100 Statutum
2764 2026 2919 2101 sive
2955 2027 3103 2100 De-

197 2159 476 2226 cretum
550 2149 946 2247 capitulare
1001 2149 1195 2223 Anni
1263 2149 1561 2222 Domini
1629 2147 1819 2222 1541
1886 2147 2003 2222 die
2059 2145 2104 2222 9
2160 2148 2545 2222 Februarii
2616 2147 2977 2224 conditum
3034 2157 3107 2222 et

191 2273 634 2348 authoritate
695 2270 1314 2347 Reverendissimi
1382 2271 1679 2346 Domini
1730 2280 2036 2368 protunc
2087 2269 2270 2344 Loci
2326 2267 2693 2344 Ordinarii
2746 2272 3102 2367 approba·

191 2403 344 2472 tum
369 2453 388 2484 ,
463 2396 553 2469 de
606 2393 988 2469 Fratribus
1065 2403 1213 2468 tum
1269 2401 1342 2468 et
1394 2393 1484 2467 de
1537 2392 1944 2491 Nepotibus
2018 2415 2113 2466 ex
2164 2392 2543 2467 Fratribus
2598 2401 2668 2466 et
2724 2383 3111 2467 Sororibus
3258 2437 3303 2450 ‹-

192 2517 602 2616 progenitis
668 2515 1229 2615 Capitularibus,
1309 2515 1644 2590 videlicet
1697 2515 1982 2611 quando
2041 2524 2113 2589 et
2164 2515 2727 2611 quotiescunque
2799 2515 3106 2590 alicuius

197 2662 451 2714 eorum
487 2639 852 2732 negotium
890 2638 963 2711 in
1001 2636 1339 2736 Capitulo
1378 2649 1898 2735 proponeretur
1952 2645 2024 2711 et
2077 2642 2523 2730 tractaretur,
2583 2659 2711 2710 eos
2747 2645 2820 2710 et
2854 2659 3097 2731 quem-

192 2760 382 2836 libet
435 2783 701 2854 eorum,
759 2761 931 2836 data
978 2761 1208 2857 primo
1259 2761 1424 2834 loco
1480 2761 1855 2856 sententia,
1917 2761 2008 2835 de
2045 2758 2383 2858 Capitulo
2439 2759 2638 2833 exire
2692 2759 2918 2834 fuisse
2974 2760 3099 2833 cb-

193 2882 512 2978 ligatos,
579 2882 670 2956 de
725 2904 1082 2958 consensu
1134 2882 1616 2957 Illustrissimi
1681 2883 1974 2957 Domini
2051 2883 2277 2956 nostri
2348 2881 2531 2956 Loci
2605 2878 2973 2955 Ordinarii
3035 2880 3113 2953 in

197 3005 574 3102 praesenti
627 3002 964 3102 Capitnlo
1019 3005 1345 3099 generali
1410 3005 1894 3096 innovandum
1951 3011 2025 3080 et
2076 3005 2148 3078 in
2205 3013 2573 3101 posterum
2627 3005 2721 3078 ab
2776 3004 3109 3077 omnibus

194 3127 500 3203 firmiter
553 3125 1079 3203 observandum
1153 3127 1628 3202 decreverunt
1682 3134 1753 3203 et
1807 3127 2308 3221 sanciverunt,
2368 3125 2864 3201 communibus
2918 3125 3109 3199 votis

196 3258 272 3326 et
315 3250 696 3325 sententiis
750 3249 1294 3325 concluserunt:
1352 3248 1543 3346 quod
1600 3250 1990 3324 Decretum
2048 3270 2331 3345 quoque
2382 3249 2474 3321 de
2509 3247 2871 3339 Patribus,
2927 3246 3107 3320 Fra-

199 3373 462 3468 tribus,
499 3372 1049 3470 Nepotibusque
1084 3371 1451 3467 germanis
1489 3372 1985 3447 saecularibus
2023 3370 2335 3465 intelligi
2373 3368 2683 3464 debebit,
2724 3391 2864 3442 non
2894 3390 3112 3464 posse

199 3495 548 3571 videlieet
598 3494 1072 3570 Reverendos
1108 3494 1464 3570 Dominos
1504 3496 1858 3589 sanguine
1893 3494 2198 3584 iunctos,
2255 3494 2531 3568 ratione
2577 3492 2739 3589 ipsa
2776 3490 3109 3584 dictante,

203 3617 554 3715 deinceps
609 3617 774 3692 dum
841 3640 1084 3692 eorum
1147 3617 1444 3713 negotia
1495 3617 1569 3690 in
1626 3615 1965 3715 Capitulo
2039 3623 2433 3690 tractantur
2487 3608 2556 3689 e't
2612 3613 3109 3711 expediuntur,

203 3739 725 3837 capitularibus
778 3740 1203 3814 tractatibus
1257 3737 1612 3813 eiusmodi
1663 3739 2059 3831 interesse,
2138 3737 2266 3812 sed
2324 3737 2517 3812 dicta
2567 3736 2642 3809 in
2696 3736 2837 3809 hoc
2888 3757 3110 3832 passu

203 3862 510 3959 quilibet
565 3884 808 3937 eorum
862 3872 1028 3937 ante
1082 3883 1331 3936 omnes
1387 3861 1762 3956 sententia,
1820 3883 1987 3935 mox
2042 3858 2131 3933 de
2186 3857 2523 3956 Capitulo
2579 3858 2776 3932 exire
2830 3856 3107 3931 tenebi-

202 3993 342 4077 tur,
399 3993 477 4059 ut
528 3985 655 4058 alii
704 3984 934 4059 libere
991 3984 1338 4079 suffragia
1390 3984 1581 4057 ferre
1636 3983 1938 4081 possint.

1474 4294 1856 4396 CXCIX.
2379 4340 2419 4382 .

206 4502 670 4605 Appi-nnana
719 4504 1228 4604 suprascripti
1274 4501 1566 4586 Statuti
1606 4501 1700 4584 de
1738 4500 2312 4601 consanguineis
2352 4520 2490 4601 per
2530 4500 3113 4583 illustrissimum

207 4643 306 4707 ac
357 4625 1080 4710 Reverendissimum
1146 4626 1512 4708 nominum
1573 4621 2029 4706 Bernardum
2087 4622 2589 4706 macieiowski
2648 4620 3111 4705 cardinalem

1043 4748 1127 4830 et
1182 4749 1620 4849 Episcopum
1679 4745 2279 4829 cracoviensem.

419 4956 836 5033 Bernartius
871 4958 1330 5032 miseratione
1378 4957 1622 5031 divina
1675 4953 1984 5030 Sanctae
2037 4953 2411 5029 Romanae
2466 4953 2849 5029 Ecclesiae
2895 4952 3110 5031 Pres-

209 5080 426 5178 byter
453 5076 864 5155 Cardinalis
887 5078 1390 5155 Macieiowski
1432 5087 1883 5177 nuncupatus
1919 5078 2334 5176 Episcopus
2370 5074 2901 5171 Cracoviensis,
2938 5078 3113 5153 Dux

211 5196 690 5277 Severiensis.
743 5201 945 5276 Inter
998 5208 1284 5276 caetera
1339 5202 1432 5277 ad
1479 5202 1791 5277 officium
1848 5209 2171 5277 nostrum
2223 5202 2422 5275 iuxta
2477 5199 2824 5274 creditum
2876 5198 3111 5275 Nobis

72 5326 80 5333 ’
213 5321 558 5399 divinitus
626 5348 884 5400 munus
938 5325 1354 5423 episcopale
1404 5326 1765 5423 pertinere
1820 5324 2297 5419 advertimus,
2366 5332 2445 5399 ut
2493 5323 2641 5418 his,
2699 5346 2883 5420 quae
2938 5321 3107 5415 odii,
