4055 6364
2086 675 2645 754 -180—

2177 955 2557 1060 CCXIX.

917 1163 1312 1266 Privileuia
1365 1164 1838 1249 donationum
1896 1165 2255 1268 quomodo
2310 1166 2781 1250 extradenda
2828 1167 2913 1250 et
2956 1169 3266 1270 antiqua
3310 1166 3823 1250 restituenda.

1393 1288 1601 1370 Anno
1658 1288 1927 1370 Domini
1986 1287 2176 1371 1610.
2234 1288 2359 1370 Die
2412 1290 2615 1374 lovis
2670 1290 2750 1371 13
2806 1292 3089 1375 mensis
3144 1290 3332 1373 maii.

915 1579 920 1584 ,
1119 1497 1532 1574 Reverendi
1582 1498 1880 1574 Domini
1933 1507 2364 1575 statuerunt:
2419 1509 2499 1576 ut
2538 1523 2786 1576 omnes
2840 1503 2963 1598 qui
3012 1524 3441 1577 consensum
3490 1508 3565 1574 et
3610 1499 3821 1594 sigil-

911 1621 1254 1696 lationem
1306 1621 1674 1695 literarum
1729 1644 1949 1718 super
2014 1621 2225 1697 bonis
2279 1620 2656 1697 Ecclesiae
2717 1625 2903 1722 ipsis
2955 1647 3087 1722 per
3136 1623 3821 1698 Reverendissimos

911 1744 1269 1819 Dominos
1321 1743 1736 1842 Episcopos
1789 1744 2185 1837 concessis,
2244 1769 2289 1817 a
2334 1744 2487 1821 suis
2542 1746 3047 1823 donationibus
3099 1743 3553 1820 Reverendis
3608 1767 3818 1842 prae·

913 1866 1176 1940 standa
1225 1873 1498 1964 petunt,
1555 1867 1854 1963 antiqua
1909 1865 2309 1963 Privilegia
2362 1868 2747 1963 originalia
2800 1893 2892 1943 ex
2924 1877 3130 1966 parte
3185 1867 3536 1942 dictorum
3590 1867 3819 1940 bono·

912 2012 1066 2064 rum
1106 1988 1455 2083 confecta,
1510 2012 1654 2064 una
1689 2011 1849 2063 cum
1889 1990 2221 2064 cessione
2258 1997 2330 2064 et
2365 1991 2801 2086 quietatione
2855 1992 3278 2088 producant,
3334 1997 3407 2064 et
3442 1989 3519 2063 in
3555 1994 3822 2061 eventu
3912 2071 3921 2082 .

909 2133 1090 2184 vero
1123 2110 1537 2185 amissionis
1573 2110 1982 2186 huiusmodi
2018 2111 2571 2206 Privilegiorum
2610 2114 3057 2210 antiquorum
3099 2115 3355 2204 iurent,
3410 2109 3600 2208 quod
3642 2109 3821 2183 talia

913 2231 1312 2327 Privilegia
1363 2255 1588 2330 penes
1641 2256 1724 2307 se
1775 2254 1922 2308 non
1974 2233 2315 2327 detinent,
2372 2259 2509 2310 nec
2560 2235 2849 2330 habent,
2907 2244 2978 2309 et
3032 2235 3155 2331 qui
3189 2258 3276 2309 ea
3312 2233 3633 2326 haberet,
3688 2255 3817 2307 ne·

913 2356 1188 2453 sciunt3
1242 2363 1316 2430 et
1367 2355 1432 2430 si
1482 2354 1747 2430 fuerint
1797 2354 2147 2448 Nobiles,
2206 2377 2777 2453 consensumque
2834 2357 3298 2455 capitularem
3355 2355 3815 2446 obtinuerint,

915 2499 1082 2553 sese
1133 2476 1228 2552 ad
1281 2476 1471 2550 Acta
1523 2478 1918 2552 castrensia
1987 2477 2465 2574 capitanealia
2534 2478 3053 2554 Cracoviensia
3103 2479 3303 2552 iuxta
3357 2474 3815 2551 consuetudi·

911 2623 1076 2674 nem
1129 2599 1271 2674 iam
1319 2623 1364 2673 a
1401 2598 1623 2674 multo
1675 2607 1998 2697 tempore
2054 2610 2439 2696 servatam,
2496 2603 2823 2698 obligent
2875 2610 2945 2676 et
2979 2601 3399 2691 inscribant,
3459 2597 3650 2696 quod
3701 2597 3815 2672 in-

913 2722 1094 2798 tuitu
1147 2722 1496 2797 bonorum
1564 2722 2012 2797 obtentorum
2064 2721 2542 2799 iurisdictioni
2602 2723 2897 2799 Domini
2963 2722 3313 2820 Episcopi
3368 2729 3441 2795 et
3490 2719 3815 2795 Venera-

913 2844 1085 2919 bilis
1157 2841 1475 2942 Capituli
1545 2845 1934 2941 parebunt,
2007 2867 2281 2942 eosque
2351 2869 2483 2943 pro
2557 2846 2867 2920 dominis
2937 2845 3132 2920 veris
3186 2845 3337 2918 suis
3390 2851 3815 2937 agnoscent,

915 2966 1255 3064 citatique
1309 2968 1858 3064 comparebunt,
1931 2968 2472 3064 respondebunt
2524 2975 2595 3042 et
2649 2966 2959 3042 decretis
3024 2988 3267 3041 eorum
3320 2966 3812 3062 acquiescent.

2210 3278 2549 3381 CCXX.

915 3487 980 3570 Α
1024 3489 1511 3611 reparatione
1572 3487 1912 3570 librorum
1971 3487 2367 3570 Ecclesiae
2416 3506 2510 3569 ex
2553 3490 2869 3590 pecunia
2915 3488 3263 3572 fabricae
3318 3487 3595 3571 solutio
3640 3486 3811 3569 fiat.

1501 3612 1707 3694 Anno
1767 3610 2035 3695 nomini
2092 3610 2285 3693 1610.
2342 3611 2471 3693 Die
2525 3609 2841 3694 Veneris
2895 3612 3003 3693 23
3056 3609 3231 3692 111111.

803 3922 812 3929 ι
1120 3820 1586 3898 Venerabilis
1640 3820 2047 3897 Stanisluus
2099 3821 2385 3896 Ruczki
2426 3821 2861 3898 Vicecustos
2914 3819 3297 3895 Ecclesiae
3351 3817 3812 3894 Cathedralis

916 3941 1428 4020 Cracoviensis
1498 3944 1760 4020 librum
1833 3944 2046 4020 huius
2122 3944 2500 4018 Ecclesiae
2573 3967 2705 4041 per
2772 3942 3336 4036 intreligatorem
3406 3948 3811 4038 reparatum

915 4072 990 4140 et
1041 4088 1230 4140 novo
1303 4067 1500 4141 corio
1572 4074 1984 4165 coopertum
2060 4067 2331 4159 attulit,
2402 4074 2473 4141 et
2524 4075 2601 4140 ut
2664 4066 2832 4140 huic
2901 4064 3381 4159 intreligatori
3448 4064 3543 4138 ab
3612 4063 3811 4136 illius

913 4188 1367 4285 reparatione
1420 4170 1830 4263 Reverendi
1882 4189 2178 4263 Domini
2233 4188 2517 4263 solvere
2570 4188 2895 4282 iubeant,
2955 4186 3371 4283 postulavit.
3429 4186 3527 4259 Et
3573 4185 3809 4260 Reve-

913 4310 1121 4383 rendi
1173 4310 1469 4385 Domini
1522 4318 1793 4386 attento
1848 4333 1956 4401 eo,
2012 4309 2205 4407 quod
2258 4311 2616 4385 Dominus
2670 4309 3085 4407 Episcopus
3135 4310 3366 4383 libros
3418 4330 3551 4405 pro
3590 4306 3809 4383 Vica-

914 4430 1044 4505 riis
1098 4440 1169 4505 et
1221 4432 1576 4508 Ministris
1650 4431 2031 4507 Ecclesiae
2104 4456 2525 4530 comparare
2601 4431 2860 4506 debeat
2932 4441 3004 4505 et
3075 4432 3168 4505 ad
3222 4430 3360 4505 hoc
3417 4453 3600 4504 onus
3650 4430 3813 4527 ipse

915 4560 988 4625 et
1039 4574 1181 4626 non
1232 4553 1670 4630 Venerabile
1742 4554 2155 4652 Capitulum
2226 4562 2573 4647 teneatur,
2647 4554 3126 4629 concordibus
3198 4551 3563 4645 suffragiis
3638 4574 3809 4625 con-

916 4674 1281 4748 cluserunt
1352 4675 1918 4751 observandum:
1991 4685 2070 4751 ut
2122 4675 2383 4751 amodo
2454 4684 2525 4749 et
2579 4675 2922 4773 deinceps
2976 4702 3020 4750 a
3070 4674 3529 4772 reparatione
3590 4673 3811 4748 libro—

915 4819 1101 4890 rum,
1175 4799 1457 4893 argenti
1524 4806 1598 4873 et
1649 4800 1948 4874 aliarum
2003 4823 2241 4873 rerum
2295 4798 2989 4891 ecclesiasticarum,
3066 4798 3503 4873 Fabricator
3552 4795 3810 4869 Eccle—

917 4918 1070 4992 siae
1122 4918 1333 4994 huius
1368 4921 1674 5019 pecunia
1724 4922 2065 5014 fabricae,
2129 4943 2261 5018 pro
2300 4945 2442 5017 qua
2474 4919 2663 4995 idem
2701 4919 3143 4995 Venerabile
3197 4918 3614 5016 Capitulum
3666 4940 3811 4991 una.

918 5062 1080 5117 cum
1133 5041 1445 5117 Domino
1497 5042 1867 5142 Episcopo
1917 5043 2323 5137 contribuit,
2380 5043 2643 5130 solvet;
2700 5043 2817 5117 cui
2862 5042 3150 5139 quidem
3204 5042 3522 5115 Domino
3558 5040 3813 5113 Fabri-

919 5163 1146 5237 catori
1198 5186 1478 5240 exnunc
1530 5166 2077 5261 mandaverunt,
2132 5174 2211 5241 ut
2263 5192 2307 5241 a
2362 5166 2536 5241 dicti
2587 5164 2755 5240 libri
2807 5165 3265 5263 reparatione
3319 5162 3649 5261 praefato
3702 5161 3811 5234 in·-

919 5285 1320 5381 treligatori
1374 5288 1628 5362 solvat.
