4055 6364
1369 791 1458 802 —
1576 745 1734 824 183·
1831 791 1932 802 —

158 957 398 1052 rique
453 957 654 1031 illius
705 957 1264 1049 labefactantur3
1320 956 1486 1031 ideo
1542 957 1964 1052 praemissis
2018 957 2315 1031 obviare
2370 958 2723 1051 volentes,
2785 966 3098 1034 statuen-

159 1078 354 1152 dum
438 1077 911 1153 decreverunt
965 1085 1036 1153 et
1091 1085 1491 1153 statuerunt
1542 1080 1615 1151 in
1671 1089 2095 1176 perpetuum
2170 1081 2631 1155 servandum:
2703 1090 2783 1175 ut
2840 1082 3100 1156 amodo

161 1208 246 1274 et
315 1200 678 1298 deinceps
743 1202 1016 1294 omnis,
1082 1201 1202 1296 qui
1274 1201 1388 1274 ius
1443 1202 1851 1298 sepulturae
1922 1202 2143 1275 habet
2193 1201 2267 1276 in
2322 1201 2459 1275 hac
2510 1201 2885 1294 Ecclesia,
2960 1227 3101 1278 non

159 1321 464 1397 habeat
531 1324 648 1397 ius
717 1322 1043 1416 erigendi
1114 1322 1488 1420 Epitaphii
1559 1323 1716 1397 sine
1784 1322 2267 1398 Illustrissimi
2331 1347 2417 1396 ac
2486 1322 3099 1399 Reverendissimi

171 1444 506 1518 Domini
560 1443 913 1542 Episcopi
966 1443 1478 1519 Cracovieusis
1533 1453 1604 1518 ct
1639 1445 1856 1518 totius
1908 1443 2369 1518 Venerabilis
2416 1445 2733 1541 Capituli
2784 1446 3101 1520 unanimi

165 1586 578 1640 consensu.
1121 1581 1124 1586 ’

1413 1755 1882 1857 CCXXlV.

170 1964 451 2044 Poena
488 1917 758 2046 contra
789 1963 1300 2065 proponentes
1331 1963 1398 2044 in
1431 1963 1766 2065 capitulo
1797 1963 1883 2044 et
1911 1963 2116 2044 exire
2156 1963 2525 2047 nolentes.
2564 1966 2745 2048 item
2777 1964 2869 2048 de
2896 1967 3099 2049 votis

171 2083 538 2166 secretis
595 2103 733 2184 per
787 2084 1249 2165 eductionem
1309 2085 1665 2185 panarum
1725 2103 1818 2166 ex
1872 2084 2107 2186 pixide
2166 2084 2594 2166 dandarum.
2651 2086 2858 2169 Anno
2916 2089 3096 2170 1612.

175 2205 318 2287 nie
369 2204 689 2289 sabbati
733 2206 794 2288 4
822 2206 1221 2289 Februarii.
1261 2207 2693 2412 Affiffffifflffaffinnevmn“mimum
2736 2208 3097 2291 nominum

391 2540 812 2615 Reverendi
865 2541 1160 2614 Domini
1211 2540 1287 2612 in
1343 2540 1484 2614 hoc
1537 2540 1861 2635 generali
1918 2538 2256 2637 Capitulo
2322 2541 2783 2636 congregati,
2860 2542 3097 2616 consi·-

177 2662 532 2738 derantes
605 2663 956 2738 interdum
1033 2662 1203 2736 oriri
1271 2663 1688 2758 frequentes
1740 2663 1812 2735 in
1870 2661 2207 2759 Capitulo
2274 2663 2665 2756 clamores,
2738 2663 2975 2757 iurgia
3028 2672 3101 2738 et

179 2784 620 2880 discordias,
679 2807 840 2858 cum
892 2784 1115 2886 aliqui
1168 2785 1435 2859 factum
1490 2785 1781 2882 aliquod
1839 2807 1970 2858 suo
2024 2785 2146 2858 vel
2199 2785 2436 2860 alieno
2492 2788 2777 2860 nomine
2831 2807 3095 2882 propo-

177 2915 487 2999 nentes,
543 2907 662 2982 vel
715 2907 808 2980 ab
863 2906 1105 3001 aliquo
1163 2913 1353 2979 mota
1407 2913 1657 2980 contra
1713 2928 1841 2980 eos
1895 2905 2229 3001 querela,
2301 2907 2539 2984 locu‘m
2595 2906 3098 2982 deliberationi

182 3026 368 3101 dare
424 3036 496 3102 61
543 3037 745 3102 extra
800 3027 1208 3125 Capitulum
1264 3029 1462 3102 exire
1517 3029 1786 3122 nolunt,
1845 3035 2093 3102 contra
2145 3026 2584 3102 laudabilem
2638 3028 3090 3104 consuetudi-

181 3171 354 3223 nem
430 3151 821 3245 antiquitus
891 3160 1296 3248 receptam,
1355 3159 1424 3225 ct
1479 3160 1728 3225 contra
1789 3151 2023 3248 ipsius
2080 3149 2435 3225 dictamen
2491 3151 2831 3243 rationis,
2906 3149 3098 3226 unde

182 3278 260 3343 et
313 3270 705 3369 disciplina
767 3272 1184 3370 capitularis
1252 3281 1654 3363 enervatur,
1711 3282 1782 3346 61
1833 3274 2041 3367 leges
2092 3298 2181 3347 ac
2236 3270 2516 3348 Statuta
2590 3274 2874 3348 debitae
2930 3297 3093 3349 exe-

187 3394 466 3467 cutioni
535 3418 676 3468 non
750 3394 1305 3489 demandantur3
1379 3394 1494 3467 his
1557 3395 1796 3489 itaque
1870 3396 2081 3469 malis
2136 3405 2209 3469 et
2259 3395 2732 3469 incommodis
2803 3395 3097 3468 obviare

189 3518 546 3607 volentes,
602 3518 1083 3593 concordibus
1139 3518 1503 3613 suffragiis
1576 3526 1977 3591 statuerunt
2030 3519 2399 3615 perpetuis
2470 3518 2916 3614 temporibus
2969 3518 3095 3592 ob-

187 3638 658 3713 servandum:
715 3648 792 3714 ut
845 3640 1146 3735 quilibet
1200 3640 1578 3713 Praelatus
1632 3640 1756 3743 vel
1807 3637 2221 3714 Canonicus
2291 3640 2559 3714 factum
2612 3638 2906 3735 aliquod
2960 3662 3093 3714 suo

187 3762 309 3835 vel
337 3762 579 3836 alieno
608 3762 892 3835 nomine
932 3785 1346 3860 proponens
1394 3768 1720 3834 teneatur
1747 3760 2157 3858 Capitulum
2197 3762 2415 3854 exire,
2458 3761 2786 3836 similiter
2820 3761 3096 3835 ratione

192 3886 577 3960 verborum
645 3885 1150 3960 iniuriosorum
1207 3907 1335 3959 seu
1389 3884 1606 3977 iurgii
1657 3883 1845 3956 inter
1901 3882 2083 3957 duos
2136 3883 2256 3957 vel
2310 3884 2556 3980 plures
2619 3884 2889 3975 exorti,
2962 3906 3097 3955 nec

191 4028 334 4079 non
390 4030 548 4080 cum
608 4014 855 4081 contra
909 4007 1218 4104 aliquem
1277 4006 1570 4101 querela
1607 4005 1697 4079 ad
1735 4004 2075 4079 iudicium
2135 4005 2451 4103 Capituli
2506 4004 2875 4102 pertinens
2927 4025 3095 4099 pro-

197 4130 508 4221 ponitur,
567 4130 722 4201 sive
760 4130 972 4202 etiam
1031 4128 1306 4202 ratione
1362 4126 2031 4221 consanguinitatis,
2088 4134 2301 4224 prout
2351 4127 2426 4201 in
2481 4124 2760 4202 Statuto
2814 4148 2943 4220 per
2996 4125 3093 4198 11-

191 4246 700 4323 lustrissimum
758 4248 1220 4324 Cardinalem
1276 4248 1781 4323 Macieiowski
1854 4249 2307 4342 confirmato,
2375 4247 2795 4341 continetur,
2852 4248 2923 4320 in
2980 4245 3095 4320 his

197 4377 265 4442 et
299 4370 468 4443 aliis
507 4370 860 4444 similibus
917 4372 1229 4461 casibus,
1289 4371 1576 4467 quando
1631 4371 1860 4444 maior
1915 4393 2087 4467 pars
2128 4368 2445 4466 Capituli
2494 4368 2963 4461 consenserit,
3020 4376 3098 4442 ut

197 4490 462 4587 aliquis
499 4490 694 4565 exire
733 4499 1080 4587 teneatur,
1135 4492 1352 4588 idque
1403 4516 1534 4589 per
1571 4499 1852 4566 secreta
1891 4492 2258 4586 suffragia,
2316 4514 2499 4587 quae
2536 4492 2626 4564 ad
2668 4490 3099 4565 declinanda

199 4611 403 4707 odia,
475 4612 916 4689 inhaerendo
987 4615 1479 4690 reformationi
1550 4614 2031 4688 Illustrissimi
2102 4614 2272 4687 olim
2345 4612 2754 4687 Cardinalis
2826 4598 3135 4685 Radzi-'

199 4736 366 4830 wili,
423 4736 498 4808 111
553 4736 691 4810 1106
746 4760 919 4811 casu
955 4738 1512 4813 introducimus:
1572 4745 1832 4811 extunc
1886 4736 2043 4809 siue
2093 4757 2295 4808 mora
2351 4735 2566 4831 pallis
2620 4757 2752 4831 per
2804 4732 3095 4806 Praesi-

201 4854 480 4932 dentem
545 4882 636 4931 ex
691 4858 933 4955 pixide
987 4859 1276 4955 publice
1353 4860 1630 4933 eductis
1687 4868 1758 4932 et
1809 4858 2242 4951 numeratiS,
2322 4862 2604 4932 tenetur
2657 4855 3099 4930 Praesidcns

203 5001 289 5051 ex
341 4981 752 5079 pluralitate
826 4980 1254 5054 concludere
1309 4990 1381 5053 61
1434 4981 1717 5053 1101111116
1791 4980 2110 5076 Capituli
2183 4979 2613 5070 decernere,
2671 4986 2747 5051 ut
2798 4978 2924 5052 ille
2958 4978 3096 5051 vel

200 5098 305 5175 illi
374 5110 666 5195 exeant,
742 5126 960 5199 super
1013 5126 1311 5198 quorum
1367 5103 1559 5175 exitu
1633 5102 1976 5195 suffragia
2030 5101 2408 5177 dabuntur.
2505 5100 2719 5190 Quod
2770 5100 2838 5174 si
2894 5100 3093 5173 exire

203 5225 544 5318 noluerit,
621 5232 957 5321 tanquam
1024 5232 1406 5300 contumax
1459 5232 1531 5297 et
1583 5232 2085 5318 transgressor
2153 5223 2343 5317 legis
2410 5229 2481 5297 61
2534 5220 3091 5313 consuetudinis,

204 5344 508 5447 incapax
562 5353 634 5421 61
685 5345 1027 5421 inhabilis
1089 5346 1182 5422 ad
1239 5346 1783 5423 distributiones
1857 5345 2313 5444 quotidianas
2367 5352 2440 5420 et
2489 5345 2895 5442 ingressum
2954 5342 3091 5419 Ca·
