4055 6364
1393 806 1490 818 --
1607 760 1960 837 197—-

433 969 935 1044 Praeinsertas
1007 968 1493 1044 ordinationes
1563 993 1607 1042 a
1668 967 2094 1043 Venerabili
2164 966 2500 1066 Capitulo
2570 990 2705 1065 per
2768 967 3129 1066 speciales

217 1090 539 1168 Nuntios
593 1091 828 1166 Nobis
879 1099 1394 1188 praesentatae,
1449 1092 1552 1164 uti
1585 1091 2074 1183 rationabiles,
2129 1091 2487 1166 honestati
2540 1097 2611 1166 et
2644 1090 2929 1166 utilitati
2965 1113 3127 1187 per-

222 1237 568 1289 sonarum
622 1213 1142 1312 Capitularium
1197 1214 1798 1301 accommodatas,
1870 1213 2301 1288 authoritate
2355 1213 2717 1287 ordinaria
2770 1213 3125 1310 approba·

218 1335 479 1429 vimus,
539 1336 682 1409 vim
719 1359 806 1410 ac
841 1337 1062 1411 robur
1105 1335 1434 1434 perpetui
1487 1332 1748 1410 Statuti
1799 1336 2071 1410 habere
2125 1336 2672 1410 declaravimus.
2734 1335 2999 1410 Datum
3052 1335 3125 1408 in

219 1455 509 1532 Palatio
546 1465 795 1531 nostro
832 1454 1323 1552 Cracoviensi,
1363 1456 1506 1531 Die
1539 1456 1634 1531 25
1667 1458 1936 1532 mensis
1971 1456 2151 1532 Maii
2186 1455 2841 1532 MDCLXXXIX.

427 1578 481 1654 J
485 1601 756 1654 oannes
811 1577 1345 1654 Malachowski
1394 1578 1808 1678 Episcopus
1863 1579 2375 1654 Cracoviensis
2427 1603 2519 1654 m.
2560 1603 2631 1678 p.

1486 1892 1850 1992 CCXLI.

217 2099 549 2182 loannes
604 2099 696 2180 de
755 2101 1292 2182 malachowice
1350 2101 1892 2183 matachowski
1965 2101 2383 2202 Episcopus
2458 2099 2984 2183 cracoviensis
3043 2100 3126 2179 et

217 2224 376 2302 Dux
412 2221 796 2322 severiae,
851 2222 1222 2304 Summam
1281 2222 1587 2306 centum
1645 2222 1925 2304 millium
1981 2222 2430 2304 florenorum
2488 2221 2991 2323 polonicalium
3049 2221 3118 2301 in

215 2342 435 2425 bonis
511 2343 756 2444 Oppidi
829 2343 1216 2446 Radomysl
1292 2345 1766 2445 inscriptam,
1843 2365 1975 2445 pro
2033 2343 2472 2426 fundatione
2530 2344 2854 2426 binorum
2910 2341 3126 2424 Anni-

213 2465 730 2546 versariorum
789 2466 856 2546 in
912 2459 1381 2566 refrigerium
1438 2467 1727 2548 animae
1785 2485 2011 2562 suae,
2090 2466 2734 2548 Reverendissimo
2792 2463 3122 2565 capitulo

213 2585 639 2668 cathedrali
713 2585 1190 2670 cracoviensi
1264 2588 1618 2687 assignat
1672 2589 1901 2688 atque
1958 2588 2210 2670 donat.
2295 2587 2634 2669 sabbato
2699 2587 2824 2668 Die
2880 2585 2940 2666 4
2998 2585 3125 2668 Fe-

1101 2709 1374 2790 bruarii
1428 2710 1637 2792 Anno
1697 2710 1968 2791 Domini
2027 2710 2236 2791 1696.

430 2934 858 3010 Curavimus
911 2961 1142 3034 nuper
1192 2937 1491 3011 inscribi
1555 2937 1896 3034 officiose⁴
1937 2935 2295 3011 Summam
2354 2937 2737 3035 capitalem
2810 2934 3113 3010 Centum
3162 2919 3168 2923 ¹

210 3058 516 3131 millium
587 3059 1018 3132 florenorum
1078 3057 1582 3155 polonicalium
1641 3060 1908 3155 peculii
1961 3061 2188 3134 nostri
2246 3061 2517 3158 proprii
2570 3061 2644 3134 in
2700 3061 2911 3135 bonis
2966 3057 3119 3155 Op-

211 3179 376 3279 pidi
411 3180 844 3281 Radomysl,
902 3181 1208 3277 aliisque
1244 3181 1760 3279 adiacentibus,
1818 3181 2021 3255 titulo
2062 3181 2344 3257 Census
2398 3181 2936 3279 reemptionalis
2991 3205 3124 3278 pro

209 3303 633 3377 fundatione
689 3311 760 3377 et
796 3304 1317 3409 constitutione
1353 3301 1664 3399 duplicis
1719 3302 2216 3378 Anniversarii
2268 3304 2340 3378 in
2379 3304 2517 3378 hac
2563 3304 2903 3378 Ecclesia
2955 3327 3114 3400 per-

207 3436 435 3523 petuo
504 3425 931 3500 absolvendi
996 3425 1066 3498 in
1123 3426 1576 3519 refrigerium
1659 3426 1940 3499 animae
2012 3436 2325 3518 nostrae,
2403 3426 2605 3501 cuius
2677 3424 3119 3499 fundationis

211 3547 432 3619 talem
507 3547 1024 3622 ordinationem
1095 3524 1347 3622 haberi
1416 3554 1874 3644 exoptamus:
1949 3546 2056 3621 Ut
2110 3546 2449 3620 videlicet
2520 3546 2842 3642 quolibet
2910 3567 3119 3640 anne,

215 3667 520 3742 durante
571 3669 721 3742 vita
773 3677 1043 3761 nostra,
1119 3667 1304 3743 duae
1357 3669 1630 3743 Missae
1685 3668 1997 3743 Votivae
2054 3676 2381 3742 cantatae
2434 3691 2567 3765 pro
2615 3668 2936 3766 pcccatis
2991 3690 3119 3741 no-

213 3790 422 3882 stris,
489 3814 633 3865 una
686 3815 933 3865 mense
986 3790 1206 3881 Maio,
1273 3792 1504 3864 altera
1572 3810 1822 3864 mense
1877 3788 2285 3887 Septembri
2354 3797 2675 3886 tempore
2748 3789 3112 3883 generalis

214 3909 558 4008 Capituli,
616 3937 776 3987 cum
807 3919 1019 3986 cantu
1074 3910 1526 3987 Vicariorum
1582 3914 2086 4008 absolvantur-3
2143 3919 2309 4007 post
2346 3910 2719 3984 decessum
2778 3933 2950 3984 vero
2989 3932 3113 3983 uo-

215 4042 442 4109 strum
482 4036 574 4108 ab
610 4034 962 4126 humanis,
1013 4035 1180 4108 bina
1210 4036 1476 4131 pariter
1513 4033 2049 4128 Anniversaria,
2100 4040 2428 4107 cantatae
2465 4031 2803 4105 videlicet
2846 4031 3119 4105 Missae

215 4158 310 4230 de
363 4156 710 4253 Requiem
767 4182 925 4231 cum
953 4155 1250 4251 Vigiliis
1314 4158 1523 4230 trium
1579 4155 2137 4247 Noctnrnorum,
2212 4153 2468 4228 iisdem
2523 4154 2920 4245 mensibus,
2992 4152 3117 4226 du-

215 4287 422 4352 rante
478 4279 822 4353 duntaxat
873 4279 1198 4374 generali
1252 4277 1611 4375 Capitulo,
1667 4301 1810 4351 non
1866 4277 2049 4351 alias
2107 4300 2237 4351 nec
2292 4278 2500 4350 aliter
2535 4298 2667 4373 pro
2716 4276 2953 4349 anima
2992 4298 3117 4350 no-

216 4408 370 4474 stra
436 4402 801 4498 perpetuis
853 4402 1113 4477 futuris
1175 4402 1616 4497 temporibus
1687 4398 2140 4475 celebrentur
2193 4407 2264 4483 et
2316 4407 2775 4495 peragantur.
2851 4398 3119 4473 Intuitu

217 4522 428 4596 cuius
465 4523 683 4597 officii
718 4523 1143 4598 Venerabili
1188 4522 1522 4621 Capitulo
1571 4546 1699 4597 seu
1738 4523 1980 4597 verius
2017 4521 2517 4618 praesentibus
2565 4545 2653 4594 ac
2687 4520 3116 4595 interessen-

213 4645 427 4720 tibus-
463 4645 823 4721 Praelatis
877 4656 947 4721 et
983 4646 1372 4721 Canonicis
1426 4645 1833 4718 huiusmodi
1886 4644 2175 4736 Missis,
2234 4642 2413 4716 Tria
2467 4642 2693 4716 millia
2748 4666 2838 4715 ex
2876 4640 3115 4717 Censu

205 4789 453 4849 ‚annuo
508 4790 639 4864 pro
677 4791 1104 4864 unoquoque
1145 4766 1659 4841 Anniversario
1713 4768 1784 4839 in
1823 4766 1968 4839 vim
2026 4765 2547 4839 consolationis
2603 4763 3115 4856 distribuenda,

215 4888 713 4984 assignamus3
769 4890 1216 4965 Reverendis
1269 4914 1444 4963 vero
1499 4888 1816 4963 Vicariis
1869 4888 2142 4962 Missas
2197 4886 2608 4985 praedictas
2662 4910 2747 4960 ac
2802 4886 3117 4980 Vigilias

217 5010 798 5103 decantantibus,
873 5036 1087 5087 unum
1144 5011 1628 5085 Millenarium
1684 5034 1816 5108 pro
1870 5012 2201 5118 auctione
2256 5009 2555 5083 Mensae
2610 5033 2742 5106 per
2793 5006 3111 5081 Venera-

214 5133 363 5207 bile
419 5130 828 5230 Capitulum
875 5135 1193 5229 quolibct
1246 5157 1456 5229 anno,
1513 5134 1940 5207 adveniente
2010 5156 2257 5206 mense
2310 5132 2507 5204 Maio
2563 5141 2633 5205 ct
2689 5128 3113 5227 Septembri,

214 5279 349 5353 per
395 5255 826 5351 quingentos
877 5256 1192 5329 florenos
1244 5256 1578 5329 rathatim
1633 5255 2166 5349 numerandum,
2224 5253 2635 5328 ordinamus
2689 5260 2759 5325 et
2794 5251 3113 5325 attribui·

213 5400 409 5473 mue,
484 5385 699 5474 atque
759 5378 1014 5454 iisdem
1069 5378 1385 5455 Vicariis
1438 5378 1626 5453 ultra
1680 5378 2249 5451 decantationem
2304 5375 2836 5476 praedictorum
2888 5370 3111 5448 Anni·
