4055 6364
2068 765 2185 784 .,,,,,
2280 721 2396 802 ..16
2502 767 2601 782 -

2192 867 2485 1032 xxv.

886 1137 1275 1225 statutum
1351 1139 1706 1227 lobannis
1743 1137 2126 1222 'Radlicza
2202 1133 2537 1243 episcopi
2610 1139 3138 1225 cracoviensis
3194 1143 3277 1223 ut
3329 1160 3591 1225 omnes
3662 1163 3795 1227 res

992 1265 1338 1348 thesauri
1397 1266 1482 1345 et
1536 1264 1799 1346 claves
1839 1281 2111 1345 eorum
2169 1265 2713 1364 procuratores
2769 1262 3234 1364 capitulares
3290 1267 3657 1348 seruent.

1099 1497 1458 1588 Quoniam
1538 1497 1610 1568 in
1683 1497 2063 1568 retroactis
2100 1515 2107 1522 ·
2145 1477 2589 1594 temporibus
2671 1502 2880 1589 prout
2952 1519 2994 1565 a
3068 1491 3450 1567 Fratribus
3531 1495 3798 1567 nostris

891 1613 1253 1694 Praelatis
1309 1626 1381 1691 et
1435 1615 1827 1691 Canonicis
1884 1605 2305 1707 didicimus,
2365 1614 2745 1690 nonnullae
2801 1639 2919 1717 res
2976 1623 3177 1710 puta:
3240 1600 3563 1704 calices,
3606 1609 3797 1706 libri,

894 1748 1188 1816 ornatus
1244 1749 1315 1813 et
1369 1738 1748 1834 Reliquiae
1803 1737 2188 1811 Ecclesiae
2244 1746 2564 1828 nostrae,
2624 1761 2715 1810 ex
2766 1737 3172 1831 indiligenti
3242 1737 3575 1810 custodia
3639 1749 3801 1812 sunt

895 1863 1258 1958 perditae,
1329 1861 1692 1933 alienatae
1749 1865 1818 1932 et
1874 1855 2284 1934 distractae.
2380 1859 2538 1934 Nos
2607 1859 2827 1954 igitur
2899 1859 3276 1933 Johanncs
3350 1859 3493 1932 Dei
3564 1861 3799 1954 gratia

894 1981 1310 2080 Episcopus
1366 1980 1877 2056 Cracoviensis
1952 2005 2253 2056 unacum
2330 2004 2688 2090 consensu
2742 1981 3077 2055 Fratrum
3134 1993 3538 2054 nostrorum
3595 2005 3799 2078 prae-

894 2104 1152 2178 dictis
1171 2078 1525 2200 periculis
1567 2103 1643 2176 in
1675 2104 2010 2177 futurum
2067 2126 2501 2218 praecavere
2575 2104 2986 2200 cupientes,
3063 2101 3441 2176 statuimus
3515 2107 3799 2177 omnino

895 2226 1244 2316 volentes,
1322 2225 1512 2321 quod
1567 2249 1614 2298 a
1671 2225 1903 2315 mode,
1963 2225 2210 2298 claves
2264 2225 2584 2299 thesauri
2638 2235 2709 2298 et
2746 2225 3021 2298 aerarii
3072 2223 3455 2298 Ecclesiae
3511 2235 3801 2299 nostrae

897 2347 1408 2422 Cracoviensis
1447 2319 1882 2442 praedictae,
1942 2349 2091 2421 nec
2123 2371 2264 2420 non
2309 2345 2631 2438 Calices,
2687 2347 2876 2439 libri,
2933 2345 3311 2441 Reliquiae
3348 2355 3419 2420 et
3456 2345 3798 2438 Ornatus,

900 2468 1242 2544 nonnisi
1259 2491 1392 2565 per
1461 2467 1976 2542 Procuratores
2051 2467 2425 2566 Capituli
2441 2492 2573 2568 pro
2628 2479 2951 2565 tempore
3023 2468 3343 2542 existens
3416 2465 3802 2562 diligenter

901 2577 1440 2665 conserventur.
1499 2575 1760 2664 A'ctum
1817 2589 2225 2664 Cracoviae
2270 2591 2491 2667 Feria
2531 2593 2753 2665 tertia
2798 2598 2965 2686 post
2998 2589 3293 2663 Festum
3352 2589 3805 2665 Purificatio⁴

901 2714 1017 2788 nis
1069 2711 1341 2786 Beatae
1396 2711 1712 2806 Mariae,
1767 2711 1984 2786 Anno
2040 2713 2335 2787 Domini
2389 2713 2780 2787 Millesimo
2832 2711 3375 2786 Trecentesimo
3432 2711 3805 2808 Octuage-

903 2835 1087 2911 simo
1139 2833 1415 2911 Tertio.

2094 3226 2101 3235 -
2173 3103 2536 3265 'xxvi
2598 3292 2605 3299 ,
2678 3224 2683 3231 -

1230 3371 1553 3454 statuta
1607 3371 1702 3451 de
1757 3371 2397 3455 distributionibus
2453 3372 2897 3474 quotidianis
2952 3372 3155 3455 Petri
3210 3372 3489 3474 wyseb

1793 3590 1800 3595 ⁶
1888 3493 2227 3594 Episcopi
2285 3492 2837 3578 cracoviensis.

1033 3684 1202 3796 In
1259 3702 1570 3795 Nomine
1649 3707 1939 3796 Domini
2010 3724 2266 3796 Arnen.
2360 3722 2477 3795 Ad
2535 3730 2950 3821 perpetuam
3024 3726 3131 3799 rei
3196 3726 3605 3821 memoriam
3663 3748 3807 3799 non

911 3832 1126 3919 debet
1161 3828 1732 3941 lep1ehtns1bile
1767 3846 2097 3937 iudicali,
2160 3845 2223 3918 si
2262 3845 2651 3918 seeundum
2710 3846 3125 3917 varietatem
3178 3850 3575 3943 temporum
3620 3849 3807 3921 vires

910 3954 1266 4040 mutentiu
1321 3948 1754 4038 Statutorum
1811 3976 1883 4039 ct
1937 3967 2361 4064 plmaeseitim
2416 3967 2507 4039 ad
2562 3962 2764 4039 illum
2823 3968 3190 4057 effectum,
3255 3978 3334 4041 ut
3387 3970 3621 4042 cultus
3674 3968 3807 4041 Di-

912 4092 1122 4162 vinus
1194 4096 1562 4181 augeatur,
1623 4098 1694 4160 et
1747 4088 2000 4162 domus
2058 4089 2383 4181 Domini,
2460 4111 2668 4183 quam
2739 4089 2946 4161 decet
3000 4086 3418 4163 Sanctitudo
3473 4090 3807 4163 laudibus

913 4218 984 4283 et
1017 4192 1308 4305 hymnis
1363 4207 1756 4284 decoretur.
1819 4208 2129 4287 Proinde
2188 4210 2344 4283 Nos
2402 4210 2659 4283 Petrus
2715 4210 2855 4282 Dei
2892 4210 3125 4302 gratia
3186 4209 3591 4307 Episcopus
3632 4210 3803 4284 Cra-

915 4334 1309 4422 coviensis,
1369 4314 1889 4405 Sacrosa'nctae
1945 4332 2313 4405 Romanae
2378 4331 2759 4404 Ecclesiae
2819 4332 3448 4424 Prothonotarius,
3508 4343 3682 4406 sane
3734 4334 3805 4406 in

915 4456 1174 4527 animo·
1209 4437 1686 4545 revolventeS,
1745 4454 2053 4549 qualiter
2106 4455 2367 4529 dudum
2431 4434 2655 4527 nostri
2712 4455 2873 4549 piae
2930 4457 3314 4528 memoriae
3374 4456 3805 4531 praedeces·

919 4592 1144 4667 sores,
1199 4559 1358 4649 'cum
1418 4576 1720 4647 consilio
1759 4584 1831 4648 et
1865 4576 2181 4649 unanimi
2238 4599 2542 4650 assensu
2596 4556 3059 4649 Venerabilis
3116 4575 3433 4672 Capituli
3488 4577 3804 4651 eiusdem

917 4707 1205 4770 nostrae
1260 4684 1638 4795 Ecclesiae
1695 4696 2207 4771 Cracoviensis
2263 4706 2695 4789 statuerant,
2754 4697 2938 4791 quod
3001 4700 3166 4773 dum
3214 4708 3284 4771 et
3324 4700 3627 4794 quoties,
3683 4700 3810 4772 ali-

921 4834 1127 4913 quam
1185 4813 1430 4889 villa'm
1509 4818 2161 4913 praestimonialem
2219 4820 2390 4892 dicti
2447 4818 2804 4916 Capituli,
2884 4846 3010 4917 per
3064 4823 3464 4895 cessionem
3519 4822 3636 4895 vel
3694 4822 3811 4895 de-

919 4939 1317 5013 cessionem
1386 4939 1692 5013 alicuius
1748 4938 2068 5014 Praelati
2126 4951 2246 5014 aut
2301 4938 2690 5035 Canonici',
2752 4966 3011 5030 vacare
3066 4943 3526 5037 contigisset,
3601 4943 3813 5017 toties

921 5085 1074 5135 eam
1133 5061 1522 5135 secundum
1579 5062 2018 5157 prioritatem
2076 5074 2147 5135 et
2202 5064 2675 5136 maioritatem
2736 5062 3089 5137 Praelatis
3143 5076 3215 5138 et
3251 5064 3642 5138 Canonicis
3696 5088 3812 5138 su·

920 5184 1338 5281 perstitibus
1377 5182 1620 5257 debita
1657 5185 2117 5259 successione
2157 5185 2647 5259 eontulissent.
2711 5184 2993 5275 Quibus
3032 5187 3315 5282 quidem
3352 5188 3549 5259 villis
3594 5184 3815 5259 Prae·

917 5306 1046 5382 lati
1102 5314 1176 5381 et
1228 5304 1581 5381 Canonici
1633 5306 1984 5405 praedicti
2038 5308 2321 5405 adeptis
2356 5331 2523 5383 raro
2560 5309 2680 5384 vel
2716 5333 3071 5406 nunquam
3108 5310 3201 5383 ad
3240 5311 3501 5384 dictam
3556 5308 3815 5385 Eccle-
