4055 6364
2069 758 2587 847 -98,.-.

880 974 1378 1076 capitularium
1450 972 1907 1068 Regeutibus
1975 968 2342 1046 modernis
2396 978 2469 1046 et
2520 992 2653 1069 pro
2706 979 3029 1067 tempore
3101 964 3577 1041 existentibus
3639 962 3796 1038 Re-

878 1099 1179 1175 verendi
1229 1096 1527 1173 Domini
1598 1092 2007 1193 Capitulum
2081 1094 2542 1169 iniunxerunt
2603 1099 2677 1167 et
2736 1088 3030 1166 eosdem
3086 1088 3280 1165 serio
3333 1108 3798 1162 commonue-

877 1230 1081 1314 runt,
1135 1227 1215 1297 ut
1264 1220 1454 1294 intra
1507 1217 1677 1292 hinc
1730 1224 1803 1291 et
1858 1216 2340 1291 visitationem
2395 1214 2750 1290 Villarum
2805 1212 3219 1308 generalem
3282 1212 3608 1309 proximo
3659 1231 3794 1283 au-

880 1351 1128 1429 tumno,
1176 1341 1530 1435 futuram,
1605 1362 1735 1415 seu
1787 1338 1973 1413 alias
2026 1336 2119 1413 ad
2176 1334 2585 1433 Capitulum
2650 1334 2994 1431 generale
3052 1330 3124 1408 S.
3183 1330 3568 1407 Michaelis
3619 1351 3796 1428 pro-

878 1467 1144 1541 ximum
1171 1521 1188 1555 ,
1252 1462 1744 1539 reformationi
1814 1469 1887 1536 et
1955 1461 2148 1535 bono
2219 1458 2555 1554 regimini
2625 1455 3011 1531 earundem
3067 1454 3424 1537 Villarum
3497 1460 3640 1526 tam
3712 1449 3793 1523 in

881 1580 1271 1680 aedificiis,
1330 1586 1629 1682 sepibus
1684 1592 1757 1658 et
1809 1605 2145 1678 agrorum
2200 1578 2752 1679 impinguationi
2805 1602 2890 1653 ac
2941 1579 3251 1671 cultura,
3308 1600 3519 1673 quam
3574 1574 3796 1650 etiam

880 1732 1273 1802 nemorum,
1330 1708 1677 1783 silvarum
1732 1705 2066 1799 diligenti
2117 1703 2490 1779 custodiae
2541 1709 2614 1777 et
2660 1701 3122 1799 extirpationi
3175 1701 3628 1775 arbustorum
3679 1696 3793 1769 in-

878 1832 1198 1924 utilium,
1272 1829 1693 1926 praesertim
1751 1849 1925 1902 vero
1979 1825 2226 1900 finium
2281 1822 2792 1919 regendorum,
2868 1824 3314 1920 limitumque
3365 1818 3798 1897 tuendorum

884 1952 1142 2029 sedulo
1192 1950 1568 2034 intendere
1622 1959 1838 2046 atque
1889 1948 2306 2023 incumbere
2361 1957 2630 2041 curent,
2687 1947 2994 2043 litesque
3041 1952 3116 2019 et
3149 1944 3476 2019 actiones
3517 1943 3594 2015 in
3637 1941 3800 2017 iure

880 2074 1207 2151 terrestri
1242 2083 1367 2151 aut
1402 2073 1525 2149 ubi
1570 2094 1756 2169 opus
1810 2078 1949 2164 est,
2008 2076 2558 2167 prosequantur,
2615 2068 2802 2143 alias
2857 2065 3309 2144 conditiones
3361 2086 3616 2139 omues
3651 2060 3801 2137 sibi

880 2196 1285 2293 impositas,
1339 2196 1416 2269 in
1470 2202 1619 2269 toto
1674 2200 1747 2267 et
1800 2215 1933 2291 per
1984 2192 2227 2265 omnia
2277 2191 2372 2265 ad
2425 2213 2736 2286 unguem
2795 2191 2932 2266 sub
2987 2186 3414 2287 privationis
3465 2195 3540 2261 et
3588 2184 3798 2259 inha-

882 2318 1187 2395 bilitatis
1240 2317 1497 2415 poenis
1540 2315 1846 2413 implere
1884 2320 1957 2387 et
1990 2313 2344 2413 perficere
2379 2318 2718 2407 satagant
2749 2320 2964 2408 atque
3001 2334 3081 2386 re
3115 2311 3281 2407 ipsa
3317 2309 3497 2385 etin
3534 2308 3804 2383 effectu

882 2440 1247 2539 impleant.

2001 2580 2007 2589 ’
2137 2641 2540 2743 cxv111.

889 2854 993 2937 Be
1070 2852 1465 2936 vindemiis
1549 2850 1947 2935 Decretum
2022 2850 2092 2931 in
2165 2850 2640 2931 conclusione
2713 2848 3096 2949 aenei-aiis
3169 2846 3504 2950 capituli.
3587 2847 3798 2929 Anno

887 2974 1158 3058 Domini
1216 2974 1596 3058 millesimo
1653 2971 2257 3072 ssuinuentesimo
2323 2970 2901 3073 Septuanesimo
2957 2972 3208 3072 primo.
3281 2971 3407 3054 Die
3463 2970 3544 3051 ⁸2
3601 2970 3795 3051 Haii.

1094 3167 1381 3244 Placuit
1430 3164 1883 3242 Reverendis
1935 3163 2275 3239 Dominis
2329 3188 2550 3264 supra
2602 3164 2990 3265 descriptis
3041 3164 3117 3241 in
3170 3162 3523 3241 hodierna
3571 3187 3797 3260 geue-

886 3291 1067 3370 ralis
1118 3289 1438 3390 Capituli
1488 3289 1957 3367 conclusione
2008 3289 2497 3384 congregatis,
2553 3289 2946 3364 Decretum
2995 3287 3332 3363 licentiae
3381 3286 3802 3363 Vindemia-

887 3437 1047 3498 rum
1100 3435 1229 3490 seu
1282 3412 1471 3488 alias
1528 3411 1905 3488 absentiae
1957 3410 2052 3483 ab
2103 3408 2448 3485 Ecclesia
2517 3410 2860 3484 messium
2928 3389 3252 3507 tempore
3325 3433 3458 3507 per
3523 3408 3577 3486 J
3578 3408 3806 3490 ulium

889 3542 965 3612 et
1012 3532 1424 3630 Amustum
1474 3555 1784 3626 menses,
1842 3532 2015 3608 olim
2067 3557 2116 3608 a
2163 3531 2384 3606 multo
2439 3539 2761 3631 tempore
2815 3555 2904 3608 eo
2956 3533 3106 3608 loci
3158 3534 3614 3627 observatae,
3667 3555 3804 3606 nu-

888 3680 1023 3756 per
1074 3678 1252 3744 vero
1319 3662 1489 3730 ante
1549 3655 1913 3730 biennium
1984 3653 2290 3754 speciali
2363 3653 2834 3728 Dominorum
2907 3655 3224 3730 Decreto
3294 3661 3677 3732 revocatae
3729 3659 3808 3730 et

888 3777 1211 3861 irritatas
1231 3835 1248 3870 ‚
1304 3799 1557 3858 rursus
1607 3777 1685 3850 in
1735 3799 1943 3852 usum
1997 3798 2364 3868 revocare,
2419 3776 2764 3850 innovare
2819 3784 2892 3851 et
2945 3777 3022 3850 in
3091 3777 3468 3874 pristinum
3539 3783 3804 3852 statum

890 3900 1271 3979 restituere
1306 3922 1399 3976 ex
1434 3898 1680 3974 causis
1714 3905 1789 3974 et
1822 3898 2226 3974 rationibus
2261 3921 2394 3994 per
2448 3919 2623 3973 suas
2677 3896 3083 3977 Revereud.
3141 3900 3691 3974 Dominationes
3724 3898 3804 3972 in

892 4021 1203 4113 medium
1254 4021 1589 4098 adductis
1642 4028 1715 4096 et
1766 4019 2128 4115 allegatis.
2199 4019 2300 4094 Et
2351 4020 2776 4116 praesertim
2832 4017 3023 4115 quod
3077 4021 3144 4095 si
3195 4021 3400 4096 missi
3451 4021 3527 4095 in
3577 4043 3803 4116 nego-

892 4145 1021 4225 fiis.
1068 4144 1453 4224 Ecclesiae
1498 4142 2044 4239 quibuscunque
2066 4199 2083 4234 ,
2141 4143 2299 4217 sive
2350 4142 2482 4216 illa
2535 4143 2680 4219 sint
2731 4143 3134 4218 revisiones
3184 4142 3590 4238 fundorum,
3645 4142 3806 4218 sive

892 4266 1229 4361 limitum,
1287 4267 1443 4341 sive
1498 4265 1713 4340 etiam
1766 4263 2184 4340 iniuriarum
2238 4263 2480 4358 fundi,
2537 4272 2661 4339 aut
2715 4265 3159 4340 subditorum
3213 4265 3616 4356 Ecclesiae,
3668 4288 3804 4363 pro

894 4388 1403 4486 praesentibus
1472 4393 1891 4485 reputantur
1964 4410 2057 4460 ex
2130 4383 2444 4480 Statuto,
2512 4385 3278 4483 distributionibusque
3330 4387 3804 4485 participant:

896 4515 1093 4586 certe
1166 4509 1444 4584 curatio
1506 4507 1888 4601 messium,
1962 4508 2440 4605 collectioque
2510 4509 2730 4584 totius
2801 4509 2971 4584 anni
3039 4509 3276 4586 victus
3329 4517 3402 4584 et
3453 4531 3804 4604 annonae,

898 4653 1041 4726 qua
1092 4630 1191 4705 ad
1240 4629 1587 4705 familiam
1640 4652 1775 4727 per
1833 4629 2056 4705 totius
2108 4631 2279 4704 anni
2349 4631 2696 4706 circulum
2752 4632 3138 4707 vivendum
3196 4641 3337 4726 est,
3393 4631 3807 4708 Ecclesiae-

896 4775 1041 4850 que
1090 4752 1237 4828 Dei
1287 4750 1845 4846 inserviendum,
1904 4753 2352 4828 commodius
2405 4754 2766 4829 censenda
2816 4762 2930 4830 est
2979 4755 3346 4849 negotium
3397 4753 3804 4842 Ecclesiae,

900 4881 974 4951 et
1023 4896 1157 4971 pro
1210 4874 1341 4950 tali
1412 4872 1811 4972 reputanda
1882 4883 1957 4949 et
2024 4876 2450 4972 praesertim
2510 4876 2586 4949 in
2639 4883 2838 4950 tanta
2905 4883 3304 4974 temporum
3377 4875 3650 4953 malitia
3717 4899 3808 4952 ac

900 5017 1273 5073 servorum
1324 4994 1773 5072 infidelitate.
1832 4997 1928 5070 Et
1980 4998 2148 5093 quia
2202 5021 2346 5072 uon
2397 5005 2510 5072 est
2545 4996 2912 5092 credibile,
2969 5021 3202 5095 neque
3252 4999 3355 5073 ita
3391 4997 3804 5097 putandum,

896 5124 981 5192 ut
1026 5116 1297 5214 aliquis
1346 5141 1633 5194 suarum
1690 5119 2276 5195 Dominationum
2347 5120 2753 5196 Reverend.
2831 5119 3076 5216 aliquo
3145 5121 3292 5196 alio
3347 5120 3642 5196 sinistro
3663 5178 3680 5213 ‚
3735 5129 3810 5198 et

896 5261 1045 5328 nou
1096 5239 1329 5317 solius
1378 5239 1619 5316 laudis
1673 5239 1983 5334 divinae,
2039 5241 2540 5338 mercedisque
2592 5249 2954 5336 aeternae,
3011 5243 3350 5341 templum
3413 5241 3556 5318 hoc
3604 5241 3810 5318 adire

898 5370 975 5437 et
1008 5362 1248 5447 visere
1302 5362 1599 5457 debeat,
1656 5363 1993 5459 quodque
2045 5362 2292 5439 Villae
2345 5365 2972 5460 praestimoniales
3017 5365 3164 5443 sint
3203 5365 3395 5442 bona
3429 5363 3812 5443 Ecclesiae
