4055 6364
2122 745 2689 822 -186-

940 964 1365 1051 statuerunt,
1405 956 1742 1030 Decretis
1770 965 1842 1029 01
1869 954 2369 1030 consuetudini
2396 955 2733 1052 antiquae
2760 955 3161 1030 innitendo:
3199 963 3275 1028 ut
3302 955 3651 1029 eiusmodi
3700 956 3854 1050 pla·

941 1086 1056 1152 tea
1093 1078 1537 1152 canonicalis
1593 1101 1724 1174 per
1774 1079 2229 1175 portulanum
2287 1101 2415 1154 seu
2472 1077 2843 1152 custodem
2900 1077 3154 1152 domus
3192 1100 3435 1151 eorum
3476 1076 3849 1150 Reveren-

943 1200 1194 1274 dorum
1224 1201 1722 1294 Dominorum,
1759 1201 1879 1296 qui
1915 1200 2004 1273 ad
2049 1199 2247 1273 illius
2293 1199 2731 1274 clausionem
2775 1199 3094 1273 Decreto
3146 1200 3591 1296 superiorum
3628 1195 3852 1294 Capi-

936 1320 1246 1395 tulorum
1299 1321 1753 1417 promulgato
1809 1328 1973 1394 sunt
2027 1321 2377 1414 obstricti,
2434 1329 2722 1418 sumptu
2774 1321 3094 1418 ipsorum
3148 1331 3223 1395 01
3276 1344 3417 1394 non
3466 1319 3855 1417 capitulari

939 1441 1389 1534 conductum,
1429 1451 1501 1516 et
1535 1442 1630 1516 ad
1659 1465 1956 1538 quorum
1995 1441 2250 1517 domus
2287 1449 2585 1515 catenae
2624 1451 2791 1515 sunt
2825 1441 3108 1535 affixae,
3151 1443 3427 1516 catenis
3454 1442 3854 1532 claudatur,

939 1564 1042 1636 ita
1095 1571 1355 1656 tamen,
1412 1572 1490 1637 ut
1525 1564 1977 1638 Reverendis
2012 1563 2351 1638 Dominis
2407 1573 2477 1638 et
2528 1564 2697 1640 aliis
2732 1563 3082 1638 Personis
3129 1557 3537 1638 ‘illustribus
3590 1588 3677 1638 ac
3724 1564 3857 1637 ho·

936 1685 1376 1760 nestioribus
1427 1686 1617 1760 liber
1668 1693 1911 1783 pateat
1962 1694 2465 1780 transgressus
2522 1694 2593 1761 et
2648 1687 2805 1760 siue
2858 1686 3067 1760 tarda
3123 1709 3322 1760 mora
3375 1686 3765 1782 aperiatur.

2120 1945 2673 2046 CCXXVIII.
2782 1955 2789 1960 ’

943 2125 1045 2204 De
1097 2120 1383 2204 salario
1420 2118 1737 2202 Vicariis
1788 2117 2031 2201 dando
2081 2116 2493 2202 statutum.
2544 2118 2751 2202 Anno
2802 2117 2988 2200 1614.
3040 2118 3168 2199 Die
3220 2117 3492 2199 martis
3540 2118 3619 2199 13
3657 2138 3857 2198 men·

2220 2243 2333 2324 sis
2392 2241 2581 2322 maii.

1145 2417 1561 2494 Reverendi
1586 2417 1882 2492 Domini
1915 2419 1987 2491 in
2029 2417 2167 2491 hoc
2201 2416 2539 2515 Capitulo
2568 2416 2894 2511 generali
2928 2417 3375 2511 congregati.
3416 2413 3857 2490 Statutorum

942 2549 1014 2616 01
1041 2543 1510 2616 Decretorum
1542 2540 2041 2637 capitularium
2077 2539 2168 2613 de
2184 2539 2503 2616 Vicariis
2543 2540 2755 2615 huius
2784 2539 3163 2612 Ecclesiae
3202 2536 3575 2628 editorum,
3614 2539 3859 2612 decla-

945 2665 1289 2738 rationem
1325 2665 1568 2738 facere
1607 2672 1678 2737 et
1716 2661 2177 2754 deformitati,
2219 2662 2687 2757 negligentiis
2736 2686 2823 2734 ac
2872 2651 3436 2750 diffieui'tatibus‚
3494 2684 3677 2756 quae
3710 2661 3857 2734 fre·

944 2795 1244 2883 quenter
1281 2787 1374 2860 ob
1403 2786 1685 2859 illorum
1724 2786 2277 2882 perplexitatem
2317 2793 2389 2859 et
2418 2785 2772 2858 defectum
2802 2782 3069 2876 integri
3113 2783 3387 2856 numeri
3404 2781 3859 2856 Vicariorum

942 2909 1212 2984 Divina
1236 2907 1502 2984 Officia
1521 2906 2049 2982 decantantium
2082 2907 2153 2980 in
2192 2905 2329 2980 hac
2362 2905 2701 2980 Ecclesia
2732 2903 3151 2979 Cathedrali
3180 2893 3653 2978 Cracoviensi
3682 2905 3861 2979 oriri

945 3031 1248 3121 soleant,
1272 3029 1690 3126 prospicere
1725 3028 2076 3122 volenteS,
2124 3029 2611 3102 conformibus
2648 3027 3023 3102 sententiis
3054 3049 3141 3099 ac
3160 3026 3349 3100 votis
3380 3026 3861 3101 decreverunt

945 3149 1204 3227 amodo
1253 3161 1328 3225 01
1362 3149 1708 3247 deinceps
1756 3150 2014 3225 futuris
2070 3159 2141 3225 et
2196 3151 2565 3249 perpetuis
2618 3149 3063 3247 temporibus
3114 3148 3413 3223 firmiter
3466 3149 3861 3223 observan-

953 3274 1156 3349 dum:
1213 3281 1290 3349 ut
1327 3273 1628 3369 quilibet
1663 3273 2250 3348 Reverendorum
2289 3274 2759 3348 Dominorum
2800 3273 2891 3346 ad
2929 3272 3119 3345 hanc
3154 3270 3561 3345 Ecclesiam
3604 3296 3859 3369 recep-

944 3406 1088 3491 tus,
1143 3403 1216 3471 et
1261 3394 1634 3470 Vicarium
1674 3418 1814 3469 non
1862 3395 2165 3488 habens,
2222 3404 2391 3493 post
2440 3395 2923 3493 receptionem
2982 3416 3185 3467 suam
3224 3390 3688 3468 Sacerdotem
3742 3381 3865 3467 vel

947 3519 1134 3593 alias
1167 3518 1244 3592 in
1283 3518 1512 3591 sacris
1567 3518 2029 3591 constitutum
2078 3525 2150 3591 01
2184 3518 2375 3591 intra
2430 3541 2688 3591 annum
2728 3516 3314 3614 promovendum,
3364 3516 3457 3590 ad
3491 3514 3863 3589 Vicariam

951 3663 1129 3714 suae
1203 3640 1611 3714 collationis
1682 3662 1816 3735 per
1887 3660 2171 3712 cessum
2227 3640 2347 3712 vel
2402 3640 2823 3732 decessum,
2901 3662 3029 3713 seu
3099 3638 3245 3711 alio
3317 3640 3576 3734 quovis
3644 3638 3863 3711 modo

947 3770 1347 3854 vacantem,
1419 3762 1608 3835 intra
1663 3762 1967 3857 spatium
2027 3762 2238 3835 trium
2294 3762 2642 3835 mensium
2709 3757 3137 3835 Reverendo
3192 3760 3506 3834 Domino
3564 3760 3865 3833 Decano

952 3907 1084 3980 pro
1120 3892 1440 3982 tempore
1479 3883 1834 3975 existenti,
1893 3890 2017 3957 aut
2056 3906 2140 3955 eo
2178 3884 2499 3976 absente,
2546 3884 2779 3979 ipsius
2832 3883 3067 3957 locum
3115 3882 3405 3972 tenenti,
3461 3880 3868 3977 praemissa

952 4006 1373 4102 probatione
1415 4013 1486 4078 01
1521 3998 2044 4078 examinatione
2098 4006 2297 4079 iuxta
2334 4002 2616 4077 Statuta
2655 4002 2973 4098 Collegii
3007 4002 3487 4094 Vicariorum,
3528 4002 3619 4075 ad
3656 4002 3863 4075 insti·

951 4128 1291 4203 tuendum
1345 4134 1782 4224 praesentet,
1841 4124 2055 4214 Quod
2112 4127 2175 4199 si
2230 4150 2579 4223 praesens
2636 4122 2995 4209 Sacerdos
3044 4148 3087 4198 a
3126 4118 3438 4199 Domino
3494 4122 3867 4198 Canonico

954 4257 1474 4348 praesentatus,
1513 4250 1584 4322 in
1627 4249 2050 4346 probatione
2088 4256 2160 4321 et
2196 4249 2721 4322 examinatione
2775 4272 2821 4320 a
2872 4246 3206 4341 Collegio
3241 4245 3695 4320 Vicariorum
3746 4269 3865 4319 re-

953 4372 1186 4445 iectus
1237 4371 1468 4462 fuerit,
1525 4380 1604 4445 ut
1638 4372 2059 4467 plerumque
2118 4369 2401 4464 accidit,
2460 4380 2720 4444 extunc
2774 4370 3129 4443 Dominus
3184 4376 3657 4466 praesentans
3704 4392 3865 4441 eam

954 4517 1108 4567 rem
1161 4491 1586 4567 Venerabili
1641 4492 1980 4590 Capitulo
2037 4491 2370 4584 deferret,
2430 4500 2642 4587 atque
2698 4492 2997 4566 eundem
3058 4488 3519 4565 Sacerdotem
3573 4490 3645 4561 in
3698 4512 3865 4585 per-

959 4637 1137 4689 sona
1207 4614 1736 4712 praesentabit,
1813 4615 2005 4710 quod
2082 4614 2171 4687 de
2242 4614 2438 4688 illius
2508 4614 2897 4687 idoneitate
2972 4625 3368 4707 cognoscet
3430 4620 3503 4685 et
3557 4610 3865 4704 decidet,

960 4759 1190 4834 eoque
1241 4738 1504 4812 idoneo
1555 4747 1885 4834 reperto,
1959 4738 2196 4834 ipsum
2253 4735 2346 4809 ad
2403 4737 3051 4833 praesentationem
3128 4733 3449 4809 eiusdem
3520 4757 3864 4831 praesen·

959 4859 1177 4931 tantis
1229 4858 1585 4933 Dominus
1659 4860 2002 4933 Decanus
2060 4881 2188 4933 seu
2239 4859 2437 4932 illius
2490 4858 2724 4933 locum
2781 4865 3035 4931 tenens
3090 4856 3183 4929 ad
3240 4856 3593 4931 eiusmodi
3644 4855 3865 4930 Vica-

959 4980 1139 5053 riam
1191 4981 1513 5055 instituet
1566 4982 1819 5075 vigore
1875 4980 2056 5055 iuris
2112 4980 2244 5073 sui,
2339 4987 2409 5053 et
2464 4978 2873 5074 Collegium
2928 4979 3383 5053 Vicariorum
3460 4978 3865 5075 praedicto-

959 5124 1115 5178 rum
1172 5102 1472 5176 eundem
1538 5103 2153 5199 praenominatum
2210 5101 2315 5174 sic
2365 5102 2763 5177 institutum
2820 5123 2952 5199 pro
3006 5100 3309 5197 Vicario
3358 5109 3430 5173 et
3484 5098 3865 5174 Confratre

963 5245 1096 5297 suo
1151 5225 1477 5322 recipere
1517 5226 1686 5305 „sub
1741 5226 2071 5300 censuris
2126 5223 2643 5298 ecclesiasticis
2680 5224 2770 5299 in
2827 5246 2955 5298 eos
3007 5247 3142 5321 per
3192 5230 3659 5297 memoratum
3692 5223 3861 5296 ,De-

935 5370 1220 5423 canum
1275 5370 1405 5422 seu
1459 5348 1690 5446 ipsius
1741 5347 1978 5423 locum
2035 5354 2391 5429 tenentem
2444 5346 2517 5419 in
2572 5346 2857 5421 defectu
2910 5346 3347 5445 receptionis
3398 5345 3863 5442 promulgan-
