4055 6364
2087 649 2657 724 -224—

917 857 1182 949 habita,
1222 855 1928 930 Reverendissimum
1968 857 2375 952 Capitulum
2418 857 2887 947 conditiones,
2950 880 3130 951 quas
3185 856 3447 929 viderit
3486 856 3818 928 meliores

919 986 989 1052 et
1041 980 1276 1071 magis
1331 989 1794 1076 opportunas,
1831 979 2378 1053 Perillustribus
2428 979 2758 1051 Dominis
2798 977 3245 1071 Regentibus
3282 978 3621 1074 imponet:
3666 979 3814 1072 qui-

920 1103 1056 1176 bus
1111 1099 1640 1174 conditionibus
1709 1101 1991 1197 quoties
2068 1101 2331 1195 aliquis
2403 1100 2851 1174 Pei-illustris
2906 1099 3263 1172 Dominus
3322 1099 3617 1193 Regens
3674 1100 3821 1172 sive

917 1224 1149 1320 ipsius
1209 1221 1651 1296 perillustris
1709 1223 2062 1296 Dominus
2122 1221 2585 1317 Plenipotens
2642 1222 2827 1293 intra
2884 1221 3194 1317 spatium
3245 1220 3385 1293 sibi
3426 1220 3815 1316 praefixum

921 1345 1340 1418 satisfacere
1395 1344 1817 1438 neglexerit,
1875 1351 2137 1417 extunc
2212 1353 2602 1439 proventus
2676 1365 2927 1416 omnes
3002 1341 3495 1416 Pei-illustrem
3574 1341 3819 1414 Domi-

921 1489 1084 1540 num
1141 1466 1540 1560 Regentem
1595 1474 2118 1540 concernentes
2184 1473 2562 1560 sequestro
2618 1463 3083 1538 subiieendos
3136 1472 3208 1536 ct
3260 1464 3333 1535 in
3390 1463 3819 1536 satisfactio·

921 1611 1082 1662 uem
1147 1587 1682 1662 conditionibus
1751 1587 2109 1684 impositis
2184 1584 2712 1662 convertendos
2786 1587 3279 1678 decreverunt,
3338 1609 3423 1658 ac
3478 1605 3822 1683 praesens

922 1709 1312 1783 Decretum
1369 1708 1512 1782 vim
1567 1705 1828 1782 Statuti
1883 1708 2153 1782 habere
2210 1707 2689 1803 declararunt,
2748 1707 3287 1804 declarantque.

2124 2019 2675 2121 CCLXXIX.

925 2229 1323 2311 Decretum
1355 2251 1494 2312 non
1528 2228 1820 2311 habens
1849 2227 1989 2308 vim
2020 2227 2332 2326 statuti,
2366 2247 2458 2309 ne
2489 2225 3250 2328 uiius'pro'ordinario
3282 2225 3817 2308 concionatore

1182 2351 1645 2453 designetur,
1705 2349 1842 2431 nisi
1901 2350 2108 2450 prius
2166 2349 2516 2450 expedita
2570 2348 2806 2448 proba
2844 2348 3308 2449 capacitatis
3346 2366 3556 2430 suae.

1374 2473 1501 2555 Die
1559 2472 1779 2568 iovis,
1837 2488 2032 2571 quae
2086 2469 2236 2552 fuit
2288 2471 2396 2550 22
2453 2469 2869 2568 Februarii,
2925 2469 3132 2552 Anno
3191 2469 3367 2551 1731.

1131 2682 1313 2756 Cum
1367 2682 1548 2754 hacc
1607 2680 1944 2754 Ecclesia
1999 2679 2459 2754 Cathedralis
2515 2705 2605 2754 ex
2659 2681 2949 2776 antiqua
3006 2689 3079 2754 et
3134 2681 3509 2755 recentiori
3563 2679 3810 2752 funda-

923 2804 1117 2877 tione
1192 2825 1322 2900 pro
1379 2803 1798 2876 diversitate
1871 2811 2265 2899 temporum
2344 2802 2673 2876 diversos
2728 2803 3231 2892 constituerat,
3306 2803 3399 2876 ad
3476 2823 3811 2900 praesens

923 2925 1206 3021 aliquos
1259 2927 1532 3020 absque
1591 2925 1736 2998 ullo
1775 2925 2007 2999 fructu
2049 2926 2194 3020 pati
2234 2924 2494 2997 debeat
2548 2923 3114 2998 praedicatores:
3154 2925 3317 2998 idco
3360 2924 3809 2998 Pei-illustres

922 3045 1537 3121 Reverendissimi
1593 3046 1884 3120 Domini
1925 3045 2359 3144 Capitulum,
2416 3045 2920 3142 prospiciendo
2976 3045 3331 3142 spirituali
3386 3043 3808 3119 audientium

925 3167 1207 3259 fructui,
1266 3167 1759 3262 decreverunt,
1816 3192 1900 3242 ne
1959 3168 2026 3241 in
2086 3168 2394 3244 futurum
2451 3168 2641 3243 ullus
2700 3193 2827 3265 pro
2885 3168 3245 3243 ordinario
3300 3167 3813 3242 Concionatore

881 3288 1439 3385 designandus,
1497 3289 1636 3363 nisi
1699 3292 1896 3388 prius
1953 3290 2291 3387 expedita
2364 3292 2591 3387 proba
2664 3291 3085 3387 capacitatis
3142 3313 3315 3365 suae
3368 3314 3501 3387 per
3551 3286 3811 3383 aliquot

925 3412 1310 3486 conciones
1362 3413 1437 3485 in
1491 3412 2020 3511 hae-Ecclesia,
2097 3414 2487 3486 accedente
2560 3436 2914 3487 consensu
2988 3411 3517 3487 Pei-illustrium
3585 3410 3809 3483 Reve-

924 3532 1511 3608 rendissimorum
1571 3535 2071 3628 Dominorum,
2139 3534 2227 3607 ad
2288 3556 2542 3608 munus
2602 3533 3132 3608 praedicatoris
3184 3512 3611 3607 admittatur.

1842 3978 1872 4013 ,
2118 3845 2322 3945 CCL
2343 3842 2628 3943 ΧλΧ.

929 4051 1328 4132 Decretum
1383 4052 1523 4131 vim
1564 4050 1850 4133 statuti
1894 4052 2209 4147 hahens,
2269 4052 2360 4134 de
2402 4053 2657 4159 Missis
2702 4055 2768 4133 in
2808 4052 3112 4153 capena
3149 4052 3412 4135 Sancti
3466 4048 3805 4135 stanislai

1035 4172 1379 4273 Episcopi
1435 4172 1518 4253 et
1573 4172 1950 4273 martyris.
2010 4173 2387 4271 metuitis,
2446 4193 2640 4274 quae
2694 4173 2841 4254 fuit
2895 4174 2973 4254 10
3028 4174 3215 4272 Maii,
3275 4173 3482 4255 Anno
3543 4173 3714 4254 1731.

1136 4380 1502 4455 Honorem
1580 4389 1652 4455 ct
1719 4382 1982 4455 cultum
2062 4406 2237 4475 erga
2310 4380 2647 4457 Sanctum
2724 4380 3162 4458 Stanislaum
3238 4384 3681 4481 Episcopum
3748 4384 3809 4452 ct

930 4500 1347 4597 Martyrcm‚
1408 4504 1507 4576 uti
1562 4503 1948 4597 specialem
2026 4503 2443 4576 Tute-larem
2522 4506 2738 4579 totius
2803 4505 3043 4598 Regni
3108 4513 3178 4578 et
3236 4504 3642 4579 Antistitem
3696 4524 3805 4575 no-

933 4630 1190 4710 strum,
1251 4646 1535 4721 semper
1589 4631 1658 4696 et
1695 4625 1971 4719 -nbique
2046 4626 2367 4698 locorum
2418 4626 2935 4721 provehenteS,
3014 4627 3315 4699 eundem
3386 4628 3597 4700 ctiam
3652 4646 3808 4718 erga

930 4742 1303 4841 Capellam
1387 4744 1640 4819 honori
1721 4744 1933 4819 huius
2015 4742 2263 4818 Sancti
2319 4745 2651 4839 dicatam,
2734 4748 2805 4818 iu
2880 4748 3168 4843 lapidea
3245 4746 3493 4820 ordine
3578 4753 3807 4842 quarta

929 4890 974 4939 a
1026 4888 1241 4940 manu
1315 4867 1644 4959 sinistra,
1721 4868 1822 4941 uti
1877 4869 2054 4940 tanti
2111 4869 2467 4963 quondam
2542 4868 2894 4962 Indigetis
2947 4868 3138 4941 lares
3194 4863 3576 4967 (quatenus
3632 4876 3702 4939 et
3748 4865 3806 4938 in

930 4987 1148 5061 cubili
1205 5010 1337 5061 suo
1393 4987 1653 5061 exinde
1705 4986 2039 5090 laetetur)
2115 4990 2584 5093 proferentis:
2664 5014 2937 5064 summe
3008 4990 3357 5063 relevavit
3410 5012 3544 5063 nos
3600 4990 3807 5086 pietas

930 5131 1106 5201 erga
1161 5107 1459 5183 cundem
1519 5106 1853 5182 Sanctum
1922 5108 2375 5184 Perillustris
2446 5110 3061 5185 Reverendissimi
3134 5110 3425 5185 Domini
3493 5109 3807 5183 Andreae

932 5227 1354 5304 Olszowski
1392 5227 1742 5304 Canonici
1778 5228 2240 5307 Cathedralis
2278 5230 2809 5327 Craeoviensis‚
2860 5234 3088 5309 nostri
3124 5230 3553 5329 Confratris‚
3596 5233 3808 5305 dietae
