4055 6364
1412 760 1983 837 *297-

461 965 574 1032 De
656 966 1019 1033 Minoris
1100 964 1311 1033 Sede
1390 969 1757 1033 vacante
1840 964 2347 1033 conflandis
2447 964 2706 1049 (Statut.
2785 966 3151 1055 CLXXXI).

247 1068 583 1136 Eiusmodi
629 1070 993 1136 conflandae
1040 1068 1320 1136 Minerae
1387 1069 1550 1136 Sede
1596 1071 1855 1136 vacante
1900 1067 2189 1135 bifariam
2238 1068 2636 1137 dividunturz
2684 1070 2889 1155 primo
2927 1072 3162 1153 ineas,

252 1192 423 1256 quae
465 1173 711 1239 vivente
776 1172 1087 1257 Episcopo
1156 1173 1235 1239 ad
1282 1174 1449 1240 diem
1517 1174 1727 1239 obitus
1792 1174 1926 1239 eius
1992 1174 2206 1239 extant
2269 1175 2482 1239 erutae
2547 1175 2610 1239 et
2655 1192 2778 1240 non
2825 1162 3164 1257 conflata03

254 1275 441 1355 aliae,
492 1294 651 1359 quae
698 1294 735 1340 a
772 1277 873 1343 die
909 1278 1119 1344 obitus
1158 1278 1314 1357 eius,
1365 1278 1445 1345 ad
1484 1278 1649 1344 diem
1688 1279 2044 1362 publicatae
2081 1278 2145 1343 in
2182 1275 2472 1361 Capitulo
2520 1276 3009 1373 confirmationis
3056 1298 3170 1362 per

256 1377 492 1445 Sedem
541 1379 977 1463 Apostolicam
1023 1381 1164 1445 novi
1210 1382 1529 1466 Episcopi,
1582 1385 1837 1447 manent
1880 1382 2100 1447 itidem
2144 1386 2355 1447 erutae
2409 1383 2474 1446 et
2517 1400 2644 1447 non
2690 1382 3020 1449 conflatae.
3071 1383 3166 1449 De

252 1484 565 1566 utrisque,
624 1484 795 1567 quali
842 1484 1027 1549 modo
1076 1485 1139 1549 et
1183 1486 1433 1567 quando
1481 1485 1735 1551 conflari
1782 1485 2072 1564 debeant,
2141 1485 2420 1569 disponit
2471 1504 2772 1569 praesens
2822 1484 3168 1565 statutum,

254 1587 595 1653 nimirumz
642 1592 713 1653 ut
758 1589 971 1653 erutae
1019 1588 1099 1653 ad
1143 1589 1309 1656 diem
1358 1590 1565 1655 obitus
1614 1589 1893 1655 defuncti
1936 1590 2252 1673 Episcopi,
2303 1588 2648 1658 conflentur
2695 1608 2732 1655 a
2789 1592 2992 1656 morte
3039 1590 3174 1655 eius

253 1692 423 1757 intra
468 1692 801 1758 decursum
857 1694 998 1758 octo
1048 1692 1378 1769 mensium,
1447 1694 1583 1759 sine
1628 1693 1759 1758 ulla
1802 1693 2274 1777 praepeditione
2335 1694 2682 1777 capitulari.
2753 1694 2876 1759 His
2922 1682 3172 1761 demum

255 1795 580 1861 mensibus
627 1796 881 1880 elapsio,
944 1794 1311 1879 Capitulum
1378 1816 1491 1880 per
1535 1798 1805 1880 quatuor
1846 1796 2209 1863 immediate
2271 1799 2604 1881 sequentes
2669 1815 2937 1875 menses,
3023 1810 3173 1877 suas

258 1897 529 1965 conflare
602 1899 848 1977 debeat,
931 1918 1073 1965 cum
1140 1901 1329 1982 pleno
1399 1898 1745 1965 conflatorii
1808 1902 1871 1965 et
1930 1901 2484 1966 instrumentorum
2546 1903 2679 1966 eius
2731 1920 2847 1967 usu
2904 1902 2981 1967 ab
3031 1901 3175 1966 Illu-

259 2001 573 2069 strissimo
620 2000 997 2068 Successore
1042 2022 1165 2069 nou
1213 2005 1633 2087 impediendo.
1686 2002 2012 2083 Quomodo
2061 2004 2270 2069 autem
2317 2007 2380 2070 et
2425 2006 2585 2070 inter
2630 2024 2809 2088 quos,
2864 2008 3056 2087 quota
3097 2022 3177 2071 ex

258 2104 497 2172 talibus
543 2107 797 2173 mineris
846 2108 1113 2175 collecta
1158 2108 1351 2175 dividi
1398 2107 1644 2188 debeat,
1696 2108 2006 2191 posterius
2055 2106 2380 2175 Statutum
2427 2105 2690 2173 CCVIII
2736 2108 3057 2174 declarat:
3105 2113 3178 2173 ut

260 2208 575 2275 dividatur
617 2209 781 2277 inter
830 2230 938 2277 eos
984 2212 1401 2296 capitulares,
1472 2212 1577 2295 qui
1624 2212 2020 2279 interfuerint
2067 2210 2355 2294 Capitulo
2404 2212 2706 2297 generali,
2775 2212 2890 2289 illi,
2939 2212 3004 2276 in
3051 2228 3175 2293 quo

258 2314 945 2485 Ῑέῐοειωιὶίνοιιάἰιίοιιοω
1006 2316 1432 2400 praefatarum
1477 2316 1856 2383 minerarum
1903 2316 1981 2383 de
2018 2316 2330 2381 eiusmodi
2379 2314 2820 2382 distributione
2883 2314 3174 2381 facienda

326 2433 401 2481 ac
514 2416 661 2483 itur.

475 2622 579 2691 De
663 2624 1311 2693 Anniversariis
1375 2630 1762 2710 tempore
1823 2627 2459 2694 Vindemiarum
2530 2625 2664 2693 bis
2725 2626 3176 2693 celebran-

266 2727 449 2810 dis,
515 2728 917 2795 nimirum
980 2731 1209 2798 feria
1270 2733 1645 2798 secunda
1710 2736 1783 2798 et
1844 2731 2069 2798 feria
2132 2731 2436 2816 quinta
2509 2729 2771 2817 (Statut.
2837 2728 3175 2813 CXCVII).

480 2936 586 3003 De
652 2939 1355 3022 praeeminentia
1424 2940 2217 3005 Administratoris
2284 2938 2498 3005 Sede
2561 2940 2925 3006 vacante
3002 2934 3180 3022 (Staa

270 3040 389 3107 tut.
434 3038 712 3127 CCVH).
790 3044 863 3108 In
909 3046 1031 3109 hoc
1076 3045 1321 3110 Statuto
1390 3046 1671 3126 quaestio
1720 3041 2054 3123 deciditur,
2121 3062 2269 3109 num
2315 3043 2807 3109 Administrator
2863 3040 3026 3109 Sede
3071 3061 3183 3109 va-

272 3148 477 3228 cante,
526 3148 676 3215 licet
719 3147 881 3215 forte
917 3148 1001 3215 sit
1038 3167 1161 3216 non
1197 3149 1437 3234 primus
1486 3150 1835 3228 Praelatus,
1888 3148 1998 3214 sed
2047 3149 2359 3215 secundus
2405 3148 2516 3214 aut
2557 3148 2803 3227 tertius,
2851 3147 2980 3213 imo
3028 3146 3190 3214 sub-⁵

272 3251 425 3318 inde
472 3253 718 3318 tantum
784 3251 1157 3332 CanonicuS,
1228 3255 1455 3321 debeat
1516 3254 1783 3337 primum
1833 3255 2046 3320 locum
2106 3271 2408 3338 occupare
2470 3253 2531 3317 in
2582 3251 2916 3336 CapituliS,
2985 3251 3186 3333 iisque

273 3357 657 3440 praesidere.
707 3359 791 3424 Et
836 3359 1209 3437 declaratur,
1262 3360 1427 3442 quod
1466 3379 1587 3424 non
1628 3359 1875 3442 debeat,
1924 3357 2036 3424 sed
2082 3359 2144 3422 iu
2183 3358 2398 3422 ordine
2446 3357 2509 3421 et
2552 3356 2690 3422 loco
2738 3357 2832 3420 sui
2881 3355 3040 3420 senii
3083 3374 3186 3420 se·

275 3462 447 3539 dere,
488 3465 553 3528 et
588 3480 713 3528 non
746 3463 903 3545 ipse,
946 3465 1059 3529 sed
1106 3464 1447 3542 l’raelatus,
1498 3464 1599 3528 vel
1636 3467 1697 3527 in
1734 3461 2022 3528 absentia
2067 3461 2522 3543 Praelatorum,
2569 3460 2788 3525 Senior
2825 3457 3180 3524 Canonicus

274 3565 343 3630 in
394 3562 706 3649 Capitulis
751 3566 1113 3650 praesidere
1160 3569 1224 3631 et
1268 3567 1530 3632 consilia
1578 3585 1792 3632 eorum
1838 3565 2171 3631 moderari.

490 3773 595 3838 De
659 3775 959 3840 strena
1024 3775 1313 3840 decem
1378 3793 1824 3840 aureorum
1884 3773 2268 3858 singulis
2325 3770 3006 3856 capitularibus
3072 3789 3184 3836 re·

280 3877 795 3945 sidentibus
852 3879 1084 3944 circa
1144 3878 1636 3945 Ecclesiam
1703 3878 1979 3944 danda
2045 3877 2298 3960 (Statut.
2332 3874 2644 3961 CCXIII),
2713 3878 2920 3942 aureis
2973 3878 3188 3940 tamen

278 4000 407 4046 non
452 3981 575 4048 nisi
618 4001 729 4066 per
774 4002 882 4048 sex
924 3983 1194 4048 florenos
1240 3983 1645 4066 computatis,
1694 3981 1785 4048 uti
1832 3981 2098 4048 Decreto
2147 3981 2457 4066 generalis
2515 3978 2792 4063 Capituli
2849 3998 2964 4062 pro
3019 3978 3185 4044 festo

282 4084 747 4152 Purificationis
792 4087 1229 4167 Beatissimae,
1280 4089 1461 4181 Anno
1496 4085 1685 4166 1718,
1734 4087 1799 4152 in
1837 4087 1960 4174 vim
2008 4086 2300 4170 perennis
2347 4083 2578 4150 Statuti
2623 4083 3010 4150 declaratum
3055 4082 3176 4148 est.

496 4294 608 4358 De
680 4312 837 4360 non
910 4292 1363 4380 erigendis
1435 4296 1516 4360 in
1584 4294 1996 4361 Ecclesia
2062 4290 2579 4359 Cathedrali
2641 4288 3188 4374 Epitaphiis:

285 4396 640 4587 ῙόἰᾶιιΧίιέιιΙιῙ)
629 4397 763 4465 sine
809 4399 1062 4466 licentia
1106 4399 1529 4466 Illustrissimi
1574 4399 1827 4466 Domini
1891 4397 2043 4463 Loci
2089 4396 2402 4463 Ordinarii
2464 4398 2529 4462 et
2574 4393 2850 4479 Capituli
2929 4394 3190 4479 (Statut.

514 4501 545 4566 I
644 4549 661 4566 .

500 4711 614 4777 De
679 4713 899 4778 nibil
961 4712 1437 4778 extruendo
1516 4711 1601 4775 in
1667 4709 2061 4776 domibus
2127 4707 2822 4788 canonicalibus,
2895 4705 3190 4772 videlicet

291 4814 429 4882 sine
470 4815 779 4882 revisione
826 4817 889 4882 et
933 4834 1243 4882 consensu
1289 4815 1635 4900 Capitulari
1708 4812 1971 4898 (Statut.
2022 4811 2363 4897 CCXXV).

505 5022 614 5089 De
678 5023 1007 5090 salario
1071 5022 1425 5089 Vicaris
1488 5019 1765 5088 dando
1830 5022 2089 5107 (Statut.
2142 5018 2577 5104 CCXXVIII).
2662 5018 2814 5084 Tale
2876 5015 3194 5107 salarium,
3247 5047 3252 5054 ·

299 5127 593 5194 nimirum
654 5129 911 5214 triginta
954 5127 1225 5207 Mar-cas,
1295 5127 1524 5193 debent
1578 5125 1873 5192 Canonici
1919 5143 2035 5190 suo
2082 5124 2331 5191 Vicario
2393 5123 2716 5189 annuatim
2761 5122 3024 5200 solvere,
3093 5118 3200 5204 qui

301 5251 377 5298 ex
420 5249 535 5298 suo
581 5230 774 5296 fundo
821 5231 1241 5313 provisionem
1305 5229 1515 5295 habet.
1580 5229 1818 5294 Eodem
1865 5228 2114 5295 Statuto
2181 5227 2585 5294 constituitur
2631 5245 2836 5310 poena
2879 5227 2943 5290 in
2991 5223 3199 5291 Cano·

213 5361 233 5375 ‘
300 5336 513 5402 uicum
553 5334 967 5402 inhabilitatis
1013 5335 1095 5401 ad
1130 5335 1351 5401 domos
1412 5334 1478 5400 et
1520 5333 1987 5417 praestimonia,
2057 5333 2164 5417 qui
2208 5333 2290 5398 ad
2331 5331 2716 5398 Vicariatum
2783 5328 3202 5497 anonicatus

2791 5436 2832 5499 3
