4055 6364
1387 790 1472 802 —-
1586 746 1943 824 225—-

207 955 550 1054 lapideae
603 954 1082 1050 Possessoris,
1161 956 1282 1052 qui
1338 957 1688 1056 supplens
1741 956 2137 1054 collapsam
2204 955 2465 1048 iniuria
2533 965 2932 1055 temporum
2984 982 3108 1033 an-

205 1078 545 1153 teriorem
619 1075 1160 1170 Fundationem,
1218 1083 1448 1152 novae
1521 1101 1696 1152 suae
1768 1073 2265 1152 Fundationis'
2328 1079 2404 1151 in
2476 1076 2723 1153 eadem
2806 1078 3111 1177 Capella

207 1199 598 1294 erectione,
674 1200 983 1275 servatis
1054 1200 1384 1275 omnibus
1455 1200 2031 1301 solemnitatibus
2103 1200 2323 1295 iuriS,
2389 1200 2611 1274 fultus
2681 1201 3110 1277 authoritate

208 1320 462 1396 Officii
512 1320 1076 1413 Consistorialis‚
1133 1330 1278 1396 tum
1333 1345 1638 1397 assensu
1687 1329 1954 1415 nostro,
1994 1321 2185 1396 binis
2238 1304 2741 1398 Instrumentis
2795 1322 2889 1397 de
2940 1332 3107 1398 actu

203 1443 425 1518 Anno
486 1441 684 1518 1724
756 1443 871 1519 die
932 1442 1026 1519 14
1079 1444 1494 1539 Februarii,
1569 1453 1639 1518 et
1709 1443 1921 1518 Anno
2000 1442 2199 1519 1725
2275 1444 2393 1518 die
2464 1443 2563 1520 30
2617 1443 2931 1541 Augusti
2984 1446 3108 1534 fir.-

201 1573 425 1660 mata,
483 1566 842 1641 ordinavit
894 1565 1218 1641 adinstar
1266 1567 1670 1658 anterioris,
1725 1566 1998 1640 Missas
2053 1565 2280 1641 semel
2330 1566 2651 1662 qualibet
2703 1568 3104 1664 septimana

203 1711 341 1785 per
392 1711 652 1763 annum
704 1689 780 1762 in
833 1686 1084 1765 eadem
1138 1687 1444 1786 Capella
1518 1685 1608 1762 de
1666 1688 1921 1762 eodem
1993 1685 2261 1763 Sancto
2314 1688 2819 1782 absolvendas,
2878 1711 3102 1789 appo-

205 1809 372 1884 sitis
439 1810 656 1884 certis
710 1808 1282 1906 conditionibus,
1356 1811 1572 1908 plane
1646 1810 2001 1908 pleneque
2072 1811 2148 1884 in
2200 1810 2703 1885 Instrumentis
2775 1810 3106 1907 superius

205 1933 582 2030 expressis
651 1940 724 2007 et
789 1932 882 2006 ad
952 1930 1140 2006 Acta
1196 1933 1583 2030 porrectis3
1667 1955 1963 2029 quarum
2036 1931 2429 2007 Missarum
2500 1930 3101 2006 absolvendarum

203 2054 284 2127 in
340 2053 590 2130 eadem
663 2053 967 2150 Capella
1039 2053 1552 2150 obligationem
1623 2055 1766 2128 sibi
1817 2077 1948 2153 per
2000 2053 2491 2130 Fundatorem
2544 2055 2892 2150 oblatam,
2967 2078 3111 2129 una

205 2199 372 2250 cum
427 2174 980 2270 conditionibus,
1025 2183 1353 2273 prompto
1409 2187 1479 2250 et
1533 2185 1736 2274 grato
1807 2177 2045 2250 animo
2102 2175 2595 2251 Communitas
2646 2176 3107 2251 Reverendo-

205 2320 362 2372 rum
415 2297 868 2374 Vicariorum
922 2297 1300 2374 Ecclesiae
1356 2299 1570 2374 huius
1625 2297 2087 2372 Cathedralis
2141 2321 2383 2372 coram
2438 2296 2645 2372 Actis
2697 2298 3108 2374 in=1udiei0

205 2418 756 2495 Consistorialis
828 2419 1071 2495 Officii
1146 2421 1218 2493 in
1293 2445 1374 2494 se
1447 2429 1518 2495 et
1589 2422 2079 2518 posteritatem
2154 2442 2355 2494 suam
2430 2428 2971 2516 assumpserunt
3040 2427 3113 2494 et

206 2543 535 2617 officiose
587 2543 1130 2639 inscripserunt.
1187 2542 1502 2617 Proinde
1557 2544 1629 2617 in
1669 2544 1810 2616 vim
1865 2542 2328 2636 gratitudinis
2365 2549 2437 2615 et
2472 2548 3106 2616 sustentamentum

203 2663 569 2759 quoddam
625 2665 914 2739 maioris
971 2666 1574 2763 promptitudinis,
1633 2665 1964 2761 quoniam
2021 2664 2144 2758 qui
2181 2663 2391 2736 altari
2438 2663 2681 2756 servit,
2724 2687 2813 2737 ex
2850 2662 3103 2737 eodem

203 2785 416 2872 vivit,
492 2786 748 2860 obtulit
807 2785 996 2861 idem
1051 2785 1421 2862 Fundator
1475 2787 1615 2862 duo
1671 2785 1905 2859 Millia
1955 2784 2386 2861 florenorum
2442 2786 2959 2883 poloniealium
3009 2785 3110 2860 ei·
3220 2845 3228 2854 .

205 2907 374 2982 dem
447 2906 948 2983 Communitati
1004 2910 1078 2982 in
1135 2933 1426 2984 censum
1482 2908 1789 2982 locanda
1809 2964 1826 2996 ‚
1902 2931 2086 3003 quae
2142 2908 2215 2980 in
2271 2907 2481 2982 bonis
2537 2907 2689 2982 suis
2743 2907 3102 2982 Knrdwa-

202 3052 376 3105 now
431 3029 644 3104 dictis
696 3032 1252 3128 inscripserunt,
1325 3038 1538 3128 prout
1588 3028 1778 3104 Acta
1831 3029 2155 3104 edocent.
2269 3028 2503 3118 Quam
2544 3027 3107 3126 dispositionem

203 3152 430 3250 piam,
484 3152 589 3227 uti
642 3153 734 3227 ad
790 3153 1051 3228 cultum
1127 3151 1373 3227 Sancti
1435 3152 1647 3228 huius
1721 3150 2084 3247 directam,
2132 3151 2649 3246 ratihabentes,
2695 3151 3109 3248 praesentis

204 3273 530 3370 Capituli
598 3275 849 3370 vigore
902 3275 1502 3350 manutentionem
1545 3276 1701 3349 eius
1739 3276 1878 3348 vim
1917 3271 2182 3350 Statuti
2236 3274 2507 3349 habere
2560 3273 2920 3367 volumus,
2980 3273 3102 3348 de-

206 3397 572 3470 clarantes
625 3396 838 3471 simul
909 3398 1634 3472 subministrationem
1708 3398 1858 3470 vini
1911 3420 2002 3472 ex
2058 3395 2405 3472 Sacristia
2460 3395 2839 3470 Ecclesiae
2892 3395 3105 3469 huius

204 3525 500 3594 nostrae
557 3540 688 3614 pro
739 3517 994 3593 iisdem
1069 3519 1450 3595 sacrificiis
1519 3520 1591 3592 in
1648 3517 1952 3615 Capella
2018 3519 2387 3617 praedicta
2453 3516 2941 3605 celebrandis,
2996 3516 3107 3590 id-

207 3664 350 3737 que
402 3642 476 3715 in
530 3648 950 3738 perpetuum
1003 3641 1323 3715 admissa
1377 3642 1511 3715 sub
1566 3650 1848 3737 tempus
1900 3641 2267 3734 generalis
2321 3639 2661 3737 Capituli,
2722 3638 2857 3714 Die
2895 3637 3102 3713 Men-

205 3762 316 3837 sis
367 3762 548 3837 Maii
600 3761 898 3856 decima,
953 3762 1167 3837 Anno
1228 3761 1450 3839 1731.

1349 3884 1668 3960 Michael
1718 3884 2038 3959 Kunicki
2076 3881 2625 3978 Suffraganeus,
2883 3981 2885 3983 v

1344 4005 1918 4082 Archidiaconus
1946 4004 2477 4098 Craeoviensis,
2516 4026 2729 4078 manu
2765 4003 3085 4101 propria.

1379 4212 1928 4316 CCLXXXI.

211 4421 610 4505 Decretum
665 4424 803 4506 vim
842 4424 1131 4507 statuti
1188 4441 1326 4504 non
1363 4421 1688 4519 habens,
1748 4439 1882 4521 pro
1940 4419 2195 4533 Missis
2250 4418 2522 4500 votivis
2578 4419 2644 4499 in
2686 4418 3097 4518 oratiarum

209 4545 584 4627 actionem
637 4564 690 4626 a
743 4547 1186 4629 cessatione
1242 4544 1430 4646 fiunis
1488 4562 1623 4644 per
1677 4540 1974 4623 Svecos
2026 4539 2247 4640 facti,
2304 4538 2445 4622 sub
2503 4540 2917 4657 privatione
2975 4560 3102 4641 pa·

455 4666 570 4749 nis
628 4667 816 4749 illius
872 4667 1012 4750 diei
1067 4669 1336 4750 contra
1388 4664 1788 4747 absentes.
1847 4661 1974 4742 nie
2033 4662 2141 4742 23
2198 4660 2388 4759 Maii,
2445 4659 2651 4742 Anno
2710 4661 2890 4742 1731.

417 4858 922 4936 Misericordia
975 4862 1269 4937 Domini
1321 4881 1585 4954 magna
1638 4856 1875 4946 nimis,
1948 4854 2141 4949 quod
2213 4876 2565 4951 praesens
2633 4852 3096 4959 Cathedralis

208 4977 550 5055 Ecclesia
598 4982 934 5057 incendio
987 5007 1119 5082 per
1169 4980 1444 5057 Svecos
1493 4982 1568 5054 in
1622 4977 1836 5053 Anno
1897 4973 2095 5051 1702
2134 4975 2445 5051 excitato
2493 4999 2633 5051 non
2680 4975 2894 5051 fuerit
2930 4997 3096 5050 con-

209 5111 518 5201 sumpta',
574 5127 782 5200 quam
846 5106 1310 5182 Perillustres
1363 5112 1434 5179 et
1485 5098 2099 5177 Reverendissimi
2150 5098 2449 5173 Domini
2498 5099 2619 5196 pie
2670 5098 3096 5197 recolentes,

210 5222 724 5301 decreverunt:
798 5236 874 5302 ut
942 5226 1200 5304 amodo
1255 5226 1520 5323 singuli
1591 5222 2055 5298 Perillustres
2109 5220 2402 5295 Domini
2456 5219 2777 5295 Praelati
2828 5226 2901 5293 et
2954 5217 3095 5294 Ca-

209 5346 454 5421 noniei
502 5354 802 5445 protunc
857 5347 1254 5424 Craeoviae
1300 5354 1722 5447 praesentes
1740 5405 1759 5443 ,
1814 5342 2091 5417 Missae
2165 5342 2453 5417 votivae
2522 5363 2654 5439 pro
2705 5340 3096 5437 gratiarum

2700 5466 2789 5537 29
