4055 6364
2102 755 2669 834 -230-

2003 999 2687 1100 CCLXXXVII.

937 1208 1336 1289 Decretum
1392 1206 1592 1290 Sede
1650 1209 1980 1289 vacante
2045 1207 2438 1289 solutionis
2515 1208 2895 1309 pensionis
2965 1209 3479 1292 illustrissimo
3535 1209 3841 1292 Suffra-

937 1347 1176 1429 uaneo
1231 1328 1736 1428 cracoviensi,
1776 1348 1914 1411 non
1971 1331 2264 1411 habens
2300 1331 2438 1410 vim
2478 1329 2791 1413 Statuti.
2845 1330 3051 1412 Anno
3092 1331 3276 1411 1732
3332 1330 3449 1411 die
3509 1330 3592 1412 10
3653 1330 3828 1412 lulii.

1141 1557 1684 1632 Illustrissimus
1763 1565 1835 1631 et
1911 1558 2587 1634 Reverendissimus
2668 1559 3025 1634 Dominus
3110 1559 3422 1634 Michael
3502 1559 3841 1633 Knnicki

935 1678 1447 1774 Suffraganeus
1503 1686 1574 1752 et
1624 1678 2203 1754 Archidiaconus
2276 1679 2825 1776 Oraeoviensis,
2900 1679 3271 1777 productis
3334 1681 3569 1754 Bullis
3624 1679 3827 1778 Apo-

933 1802 1212 1876 stolicis
1267 1802 1734 1898 promotionis
1789 1825 1966 1874 suae
2020 1801 2114 1874 ad
2152 1803 2551 1899 praefatum
2604 1801 3248 1898 Suffraganeatum,
3308 1803 3397 1876 de
3453 1801 3623 1876 data
3674 1803 3829 1877 Ro-

932 1947 1090 1997 mae
1167 1921 1355 2020 apud
1426 1919 1763 1995 Sanctum
1837 1921 2128 1996 Petrum
2194 1922 2408 1998 Anno
2482 1926 2774 1998 Domini
2858 1922 3077 2016 1727,
3134 1925 3233 1998 X.
3290 1924 3655 1999 Kalendis
3708 1926 3826 1999 Ia-

931 2046 1182 2135 nuarii,
1241 2044 1670 2119 Pontificatu
1728 2041 2183 2120 Sanctissimi
2236 2045 2481 2142 Papae
2534 2045 2912 2121 Benedicti
2959 2045 3173 2120 XIII.
3214 2045 3593 2143 expeditis,
3644 2070 3825 2141 pen-

933 2167 1206 2242 sionem
1263 2189 1568 2239 annuam
1623 2167 1696 2238 in
1751 2166 2008 2241 iisdem
2062 2166 2297 2241 Bullis
2351 2167 2836 2264 specificatam
2889 2191 3113 2264 super
3162 2167 3463 2242 Mensae
3517 2167 3829 2264 Episco-

935 2289 1122 2386 palis
1177 2287 1688 2374 Cracoviensis
1756 2288 2129 2381 fructibus,
2212 2286 2613 2364 redditibus
2666 2299 2739 2364 et
2791 2290 3259 2388 proventibus
3312 2290 3533 2379 certis
3589 2296 3661 2363 et
3710 2291 3825 2363 in-

933 2411 1149 2484 certis
1201 2417 1534 2506 respectu
1587 2410 1904 2484 muneris
1939 2410 2493 2504 suffraganealis
2548 2412 3000 2486 constitutam
3056 2419 3127 2485 et
3170 2412 3637 2506 assignatam,
3686 2435 3829 2508 pro

931 2555 1119 2606 anno
1175 2534 1487 2606 currenti
1541 2532 1876 2623 debitam,
1933 2555 2023 2605 ex
2078 2533 2545 2628 proventibus
2600 2532 2960 2607 modernis
3012 2529 3227 2608 Sedis
3280 2533 3609 2606 vacantis
3678 2531 3827 2607 Ec·

936 2654 1203 2728 clesiae
1240 2651 1698 2728 Cathedralis
1751 2654 2060 2727 futurum
2096 2651 2667 2728 Illustrissimum
2716 2655 3158 2754 Episcopum
3198 2654 3827 2756 ‘concernentibus

933 2774 1371 2868 solvendam,
1429 2775 1719 2849 decerni
1772 2774 1995 2872 petiit.
2052 2775 2517 2850 Perillustres
2570 2784 2642 2851 et
2690 2775 3303 2852 Reverendissimi
3332 2777 3625 2850 Domini
3677 2773 3825 2850 Ca-

932 2897 1252 2995 pitulum,
1330 2897 1508 2972 visis
1578 2905 1651 2971 et
1724 2896 1936 2970 lectis
1991 2899 2500 2994 praeallegatis
2572 2899 2805 2972 Bullis
2875 2897 3342 2996 Apostolicis‚
3400 2906 3819 2994 attenteque

931 3027 1176 3093 tenore
1247 3018 1632 3094 earundem
1721 3018 1953 3116 quoad
2040 3020 2433 3115 praefatam
2505 3021 2923 3118 pensionem
2947 3079 2965 3114 ,
3075 3029 3429 3117 quatenus
3510 3019 3817 3094 eandem

929 3140 1608 3217 Reverendissimus
1685 3142 2037 3217 Dominus
2105 3141 2665 3218 Administrator
2734 3142 3115 3217 Ecclesiae
3188 3141 3644 3217 Cathedralis
3724 3166 3823 3215 ex

929 3266 1397 3362 proventibus
1452 3274 1754 3361 quatuor
1805 3266 2113 3363 partium
2167 3266 2477 3341 futurum
2548 3264 3117 3341 Illustrissimum
3186 3265 3573 3338 Dominum
3640 3262 3820 3359 Epi·

931 3410 1228 3484 scopum
1285 3388 1882 3495 concernentibus
1937 3386 2174 3487 (salvo
2230 3410 2535 3462 assensu
2587 3385 3002 3487 Ipsiusmet)
3060 3386 3335 3478 solvat,
3394 3384 3810 3458 declarave-

929 3519 1094 3584 runt
1145 3516 1386 3585 mutno
1441 3532 1680 3584 sensu.

1995 3818 2725 3921 CCLXXXVIII.

1039 4030 1436 4109 Decretum
1493 4030 1632 4109 vim
1691 4028 1980 4133 Statuti
2038 4002 2325 4110 habens
2381 4029 2592 4109 circa
2628 4028 3071 4110 solutionem
3112 4026 3706 4109 calculatoribus

1235 4169 1370 4251 per
1425 4150 1533 4231 50
1586 4148 1942 4247 florenos,
2002 4152 2086 4230 et
2140 4152 2223 4231 ut
2278 4169 2412 4250 per
2467 4168 2943 4250 consequens
3000 4148 3505 4250 assignentur.

1775 4270 1981 4352 Anno
2039 4271 2222 4352 1732
2280 4272 2395 4353 die
2453 4271 2538 4351 14
2592 4271 2961 4354 octobris.

1139 4499 1318 4575 Cum
1371 4500 1559 4574 ultra
1611 4500 2174 4574 consolationem
2231 4523 2319 4573 ex
2374 4499 2671 4573 testanti
2726 4522 2769 4571 a
2806 4498 3109 4591 Musica,
3148 4499 3347 4573 iuxta
3399 4498 3807 4594 disposilio-

933 4644 1093 4695 nem
1167 4622 1335 4696 olim
1390 4622 1871 4697 Illustrissimi
1941 4622 2235 4695 Martini
2290 4620 2813 4719 Szyszkowski
2882 4621 3232 4717 Episcopi
3282 4618 3805 4713 Oracoviensis,

936 4742 1483 4819 Perillustribus
1552 4738 1897 4845 Dominis
1961 4740 2525 4840 CapitularibuS‚
2599 4743 2791 4817 circa
2861 4743 3282 4818 relationem
3354 4742 3657 4817 rationis
3722 4765 3809 4816 ex

932 4865 1397 4962 proventibus
1475 4872 1618 4943 tam
1697 4865 1990 4939 Massae
2071 4866 2528 4963 capitularis,
2631 4889 2842 4962 quam
2914 4866 3189 4963 piarum
3268 4863 3804 4957 Fundationum,

933 4988 1462 5085 praesentibus,
1519 4986 2171 5062 Reverendissimis
2241 5010 2414 5060 vero
2461 4985 3037 5063 Calculatoribus
3106 4987 3333 5062 altero
3406 4994 3604 5061 tanto
3656 4985 3808 5061 dari

935 5110 1240 5205 solitam,
1313 5110 1528 5185 aliam
1601 5110 2165 5185 consolationem
2239 5132 2329 5183 ex
2380 5118 2681 5206 utroque
2735 5110 3033 5184 restanti
3083 5107 3299 5183 iidem
3352 5107 3807 5183 Perillnsues

934 5232 1227 5307 Domini
1299 5230 1800 5308 Calculator'es
1873 5232 2249 5330 percipere
2330 5238 2888 5327 consueverant3
2968 5232 3135 5307 ideo
3204 5230 3663 5306 Perillustres
3737 5238 3807 5305 et

935 5354 1550 5431 Reverendissimi
1606 5354 1894 5429 Domini
1941 5351 2350 5451 Capitulum
2384 5356 2891 5455 prospiciendo
2927 5354 3254 5430 tenuitati
3286 5354 3581 5429 Massae
3616 5376 3803 5448 suae,
