<?xml version="1.0" encoding="UTF-8"?>
<!DOCTYPE html PUBLIC "-//W3C//DTD XHTML 1.0 Transitional//EN"
    "http://www.w3.org/TR/xhtml1/DTD/xhtml1-transitional.dtd">
<html xmlns="http://www.w3.org/1999/xhtml" xml:lang="en" lang="en">
 <head>
  <title>
</title>
<meta http-equiv="Content-Type" content="text/html;charset=utf-8" />
  <meta name='ocr-system' content='tesseract 3.04.00' />
  <meta name='ocr-capabilities' content='ocr_page ocr_carea ocr_par ocr_line ocrx_word'/>
</head>
<body>
  <div class='ocr_page' id='page_1' title='image "./statutacapitula00nykogoog_0315.png"; bbox 0 0 4055 6364; ppageno 0'>
   <div class='ocr_carea' id='block_1_1' title="bbox 2055 674 2633 754">
    <p class='ocr_par' dir='ltr' id='par_1_1' title="bbox 2055 674 2633 754">
     <span class='ocr_line' id='line_1_1' title="bbox 2055 674 2633 754; baseline -0.003 -1"><span class='ocrx_word' id='word_1_1' title='bbox 2055 674 2633 754; x_wconf 83' lang='lat'>—292—</span> 
     </span>
    </p>
   </div>
   <div class='ocr_carea' id='block_1_2' title="bbox 884 881 3806 1072">
    <p class='ocr_par' dir='ltr' id='par_1_2' title="bbox 884 881 3806 1072">
     <span class='ocr_line' id='line_1_2' title="bbox 884 881 3806 966; baseline -0.002 -16"><span class='ocrx_word' id='word_1_2' title='bbox 884 883 1113 950; x_wconf 87' lang='lat' dir='ltr'>standa</span> <span class='ocrx_word' id='word_1_3' title='bbox 1172 881 1509 966; x_wconf 79' lang='lat' dir='ltr'>requiritur</span> <span class='ocrx_word' id='word_1_4' title='bbox 1554 881 1907 966; x_wconf 86' lang='lat' dir='ltr'>praesentia</span> <span class='ocrx_word' id='word_1_5' title='bbox 1952 883 2017 946; x_wconf 88' lang='lat' dir='ltr'>et</span> <span class='ocrx_word' id='word_1_6' title='bbox 2064 881 2452 966; x_wconf 90' lang='lat' dir='ltr'>comparitio,</span> <span class='ocrx_word' id='word_1_7' title='bbox 2521 881 2848 946; x_wconf 88' lang='lat' dir='ltr'>fluminum</span> <span class='ocrx_word' id='word_1_8' title='bbox 2893 881 3210 964; x_wconf 86' lang='lat' dir='ltr'>insperata</span> <span class='ocrx_word' id='word_1_9' title='bbox 3257 881 3614 960; x_wconf 83' lang='lat' dir='ltr'>exundatio,</span> <span class='ocrx_word' id='word_1_10' title='bbox 3683 882 3806 944; x_wconf 86' lang='lat' dir='ltr'>ant</span> 
     </span>
     <span class='ocr_line' id='line_1_3' title="bbox 890 983 3654 1072; baseline -0 -20"><span class='ocrx_word' id='word_1_11' title='bbox 890 991 1037 1072; x_wconf 88' lang='lat' dir='ltr'>quia</span> <span class='ocrx_word' id='word_1_12' title='bbox 1078 987 1144 1053; x_wconf 88' lang='lat' dir='ltr'>in</span> <span class='ocrx_word' id='word_1_13' title='bbox 1190 985 1397 1052; x_wconf 87' lang='lat' dir='ltr'>officio</span> <span class='ocrx_word' id='word_1_14' title='bbox 1442 985 1819 1072; x_wconf 79' lang='lat' dir='ltr'>negotioque</span> <span class='ocrx_word' id='word_1_15' title='bbox 1864 983 2140 1068; x_wconf 78' lang='lat' dir='ltr'><strong>Capituli</strong></span> <span class='ocrx_word' id='word_1_16' title='bbox 2184 987 2250 1052; x_wconf 91' lang='lat' dir='ltr'>et</span> <span class='ocrx_word' id='word_1_17' title='bbox 2290 985 2612 1054; x_wconf 81' lang='lat' dir='ltr'>Ecclesiae</span> <span class='ocrx_word' id='word_1_18' title='bbox 2657 985 2842 1052; x_wconf 87' lang='lat' dir='ltr'>buius</span> <span class='ocrx_word' id='word_1_19' title='bbox 2891 985 3185 1052; x_wconf 81' lang='lat' dir='ltr'>existeret</span> <span class='ocrx_word' id='word_1_20' title='bbox 3233 1005 3306 1051; x_wconf 91' lang='lat' dir='ltr'>eo</span> <span class='ocrx_word' id='word_1_21' title='bbox 3353 986 3654 1068; x_wconf 86' lang='lat' dir='ltr'>tempore.</span> 
     </span>
    </p>
   </div>
   <div class='ocr_carea' id='block_1_3' title="bbox 886 1191 3810 1691">
    <p class='ocr_par' dir='ltr' id='par_1_3' title="bbox 886 1191 3810 1691">
     <span class='ocr_line' id='line_1_4' title="bbox 1090 1191 3804 1280; baseline -0.002 -18"><span class='ocrx_word' id='word_1_22' title='bbox 1090 1195 1197 1262; x_wconf 94' lang='lat' dir='ltr'>De</span> <span class='ocrx_word' id='word_1_23' title='bbox 1242 1193 1922 1280; x_wconf 77' lang='lat' dir='ltr'>praesentandis</span> <span class='ocrx_word' id='word_1_24' title='bbox 1970 1195 2374 1278; x_wconf 88' lang='lat' dir='ltr'>personis</span> <span class='ocrx_word' id='word_1_25' title='bbox 2419 1191 2766 1259; x_wconf 75' lang='lat' dir='ltr'>idoneis</span> <span class='ocrx_word' id='word_1_26' title='bbox 2811 1193 2905 1259; x_wconf 94' lang='lat' dir='ltr'>ad</span> <span class='ocrx_word' id='word_1_27' title='bbox 2951 1192 3456 1258; x_wconf 87' lang='lat' dir='ltr'>Vicariatus</span> <span class='ocrx_word' id='word_1_28' title='bbox 3501 1191 3804 1258; x_wconf 81' lang='lat' dir='ltr'>Eccle-</span> 
     </span>
     <span class='ocr_line' id='line_1_5' title="bbox 886 1295 3806 1380; baseline -0.001 -14"><span class='ocrx_word' id='word_1_29' title='bbox 886 1299 1072 1366; x_wconf 87' lang='lat' dir='ltr'>siae</span> <span class='ocrx_word' id='word_1_30' title='bbox 1136 1297 1698 1368; x_wconf 88' lang='lat' dir='ltr'>Catbedralis</span> <span class='ocrx_word' id='word_1_31' title='bbox 1760 1297 1935 1364; x_wconf 83' lang='lat' dir='ltr'>infr</span> <span class='ocrx_word' id='word_1_32' title='bbox 1957 1316 1996 1363; x_wconf 88' lang='lat' dir='ltr'>a</span> <span class='ocrx_word' id='word_1_33' title='bbox 2039 1297 2156 1362; x_wconf 87' lang='lat' dir='ltr'>tri</span> <span class='ocrx_word' id='word_1_34' title='bbox 2179 1317 2236 1362; x_wconf 88' lang='lat' dir='ltr'>m</span> <span class='ocrx_word' id='word_1_35' title='bbox 2261 1297 2491 1362; x_wconf 89' lang='lat' dir='ltr'>estre</span> <span class='ocrx_word' id='word_1_36' title='bbox 2547 1295 2805 1380; x_wconf 87' lang='lat' dir='ltr'>(Statut.</span> <span class='ocrx_word' id='word_1_37' title='bbox 2853 1296 3170 1380; x_wconf 85' lang='lat' dir='ltr'><strong>LXXXI),</strong></span> <span class='ocrx_word' id='word_1_38' title='bbox 3221 1297 3568 1379; x_wconf 85' lang='lat' dir='ltr'>declarans,</span> <span class='ocrx_word' id='word_1_39' title='bbox 3623 1296 3806 1380; x_wconf 88' lang='lat' dir='ltr'>qnod</span> 
     </span>
     <span class='ocr_line' id='line_1_6' title="bbox 886 1399 3809 1489; baseline -0.001 -20"><span class='ocrx_word' id='word_1_40' title='bbox 886 1404 1009 1470; x_wconf 88' lang='lat' dir='ltr'>nisi</span> <span class='ocrx_word' id='word_1_41' title='bbox 1056 1403 1406 1470; x_wconf 89' lang='lat' dir='ltr'>Canonicus</span> <span class='ocrx_word' id='word_1_42' title='bbox 1452 1422 1564 1489; x_wconf 96' lang='lat' dir='ltr'>pro</span> <span class='ocrx_word' id='word_1_43' title='bbox 1612 1403 1745 1469; x_wconf 90' lang='lat' dir='ltr'>iure</span> <span class='ocrx_word' id='word_1_44' title='bbox 1790 1401 1891 1468; x_wconf 92' lang='lat' dir='ltr'>sui</span> <span class='ocrx_word' id='word_1_45' title='bbox 1934 1403 2304 1486; x_wconf 88' lang='lat' dir='ltr'>patronatus</span> <span class='ocrx_word' id='word_1_46' title='bbox 2349 1400 2509 1466; x_wconf 86' lang='lat' dir='ltr'>infra</span> <span class='ocrx_word' id='word_1_47' title='bbox 2553 1401 2870 1466; x_wconf 83' lang='lat' dir='ltr'>trimestre</span> <span class='ocrx_word' id='word_1_48' title='bbox 2915 1399 3260 1466; x_wconf 86' lang='lat' dir='ltr'>vacationis</span> <span class='ocrx_word' id='word_1_49' title='bbox 3297 1400 3618 1466; x_wconf 89' lang='lat' dir='ltr'>Vicarium</span> <span class='ocrx_word' id='word_1_50' title='bbox 3661 1400 3809 1465; x_wconf 90' lang='lat' dir='ltr'>ido·</span> 
     </span>
     <span class='ocr_line' id='line_1_7' title="bbox 894 1503 3810 1592; baseline -0.002 -19"><span class='ocrx_word' id='word_1_51' title='bbox 894 1527 1079 1574; x_wconf 88' lang='lat' dir='ltr'>neum</span> <span class='ocrx_word' id='word_1_52' title='bbox 1142 1507 1657 1592; x_wconf 76' lang='lat' dir='ltr'>praesentaverit,</span> <span class='ocrx_word' id='word_1_53' title='bbox 1730 1507 1955 1572; x_wconf 87' lang='lat' dir='ltr'>extunc</span> <span class='ocrx_word' id='word_1_54' title='bbox 2020 1524 2134 1589; x_wconf 91' lang='lat' dir='ltr'>pro</span> <span class='ocrx_word' id='word_1_55' title='bbox 2179 1505 2294 1570; x_wconf 89' lang='lat' dir='ltr'>illa</span> <span class='ocrx_word' id='word_1_56' title='bbox 2338 1507 2470 1570; x_wconf 87' lang='lat' dir='ltr'>vice</span> <span class='ocrx_word' id='word_1_57' title='bbox 2531 1505 2954 1587; x_wconf 86' lang='lat' dir='ltr'>praesentatio</span> <span class='ocrx_word' id='word_1_58' title='bbox 3021 1503 3169 1568; x_wconf 85' lang='lat' dir='ltr'>talis</span> <span class='ocrx_word' id='word_1_59' title='bbox 3213 1503 3450 1568; x_wconf 88' lang='lat' dir='ltr'>Vicarii</span> <span class='ocrx_word' id='word_1_60' title='bbox 3511 1503 3590 1568; x_wconf 90' lang='lat' dir='ltr'>ad</span> <span class='ocrx_word' id='word_1_61' title='bbox 3637 1503 3810 1568; x_wconf 85' lang='lat' dir='ltr'>Illu-</span> 
     </span>
     <span class='ocr_line' id='line_1_8' title="bbox 894 1607 3374 1691; baseline -0.002 -14"><span class='ocrx_word' id='word_1_62' title='bbox 894 1611 1277 1678; x_wconf 87' lang='lat' dir='ltr'>strissimum</span> <span class='ocrx_word' id='word_1_63' title='bbox 1320 1611 1471 1678; x_wconf 85' lang='lat' dir='ltr'>Loci</span> <span class='ocrx_word' id='word_1_64' title='bbox 1518 1609 1915 1676; x_wconf 82' lang='lat' dir='ltr'>ordinarium</span> <span class='ocrx_word' id='word_1_65' title='bbox 1963 1609 2346 1684; x_wconf 80' lang='lat' dir='ltr'>devolvatur,</span> <span class='ocrx_word' id='word_1_66' title='bbox 2393 1607 2678 1691; x_wconf 87' lang='lat' dir='ltr'>praecisa</span> <span class='ocrx_word' id='word_1_67' title='bbox 2723 1609 2890 1673; x_wconf 89' lang='lat' dir='ltr'>omni</span> <span class='ocrx_word' id='word_1_68' title='bbox 2937 1607 3374 1691; x_wconf 83' lang='lat' dir='ltr'>appellatione.</span> 
     </span>
    </p>
   </div>
   <div class='ocr_carea' id='block_1_4' title="bbox 894 1810 3828 2934">
    <p class='ocr_par' dir='ltr' id='par_1_4' title="bbox 894 1810 3828 2934">
     <span class='ocr_line' id='line_1_9' title="bbox 1106 1810 3816 1898; baseline -0.001 -14"><span class='ocrx_word' id='word_1_69' title='bbox 1106 1817 1221 1884; x_wconf 91' lang='lat' dir='ltr'>De</span> <span class='ocrx_word' id='word_1_70' title='bbox 1276 1816 1683 1884; x_wconf 85' lang='lat' dir='ltr'>absentia</span> <span class='ocrx_word' id='word_1_71' title='bbox 1738 1815 2088 1881; x_wconf 88' lang='lat' dir='ltr'>duorum</span> <span class='ocrx_word' id='word_1_72' title='bbox 2151 1810 2566 1880; x_wconf 88' lang='lat' dir='ltr'>mensium</span> <span class='ocrx_word' id='word_1_73' title='bbox 2621 1813 2831 1879; x_wconf 90' lang='lat' dir='ltr'>Iulii</span> <span class='ocrx_word' id='word_1_74' title='bbox 2887 1814 2960 1882; x_wconf 88' lang='lat' dir='ltr'>et</span> <span class='ocrx_word' id='word_1_75' title='bbox 3015 1815 3389 1898; x_wconf 81' lang='lat' dir='ltr'>Augusti</span> <span class='ocrx_word' id='word_1_76' title='bbox 3435 1815 3816 1898; x_wconf 89' lang='lat' dir='ltr'>tempore</span> 
     </span>
     <span class='ocr_line' id='line_1_10' title="bbox 896 1915 3822 2004; baseline -0.002 -15"><span class='ocrx_word' id='word_1_77' title='bbox 896 1919 1549 1989; x_wconf 87' lang='lat' dir='ltr'>Vindemiarum</span> <span class='ocrx_word' id='word_1_78' title='bbox 1594 1917 1860 2004; x_wconf 84' lang='lat' dir='ltr'>(Statut.</span> <span class='ocrx_word' id='word_1_79' title='bbox 1892 1916 2055 2000; x_wconf 89' lang='lat' dir='ltr'>XC).</span> <span class='ocrx_word' id='word_1_80' title='bbox 2105 1917 2278 1984; x_wconf 85' lang='lat' dir='ltr'>Talis</span> <span class='ocrx_word' id='word_1_81' title='bbox 2325 1917 2611 1984; x_wconf 88' lang='lat' dir='ltr'>absentia</span> <span class='ocrx_word' id='word_1_82' title='bbox 2647 1917 3010 1984; x_wconf 82' lang='lat' dir='ltr'>conceditur</span> <span class='ocrx_word' id='word_1_83' title='bbox 3045 1915 3530 2002; x_wconf 80' lang='lat' dir='ltr'>capitularibus,</span> <span class='ocrx_word' id='word_1_84' title='bbox 3581 1919 3696 1984; x_wconf 88' lang='lat' dir='ltr'>sed</span> <span class='ocrx_word' id='word_1_85' title='bbox 3737 1937 3822 1984; x_wconf 85' lang='lat' dir='ltr'>ea</span> 
     </span>
     <span class='ocr_line' id='line_1_11' title="bbox 894 2020 3816 2110; baseline -0.002 -19"><span class='ocrx_word' id='word_1_86' title='bbox 894 2027 1068 2110; x_wconf 81' lang='lat' dir='ltr'>lege,</span> <span class='ocrx_word' id='word_1_87' title='bbox 1118 2025 1191 2090; x_wconf 91' lang='lat' dir='ltr'>ut</span> <span class='ocrx_word' id='word_1_88' title='bbox 1236 2023 1580 2090; x_wconf 82' lang='lat' dir='ltr'>Dominicis</span> <span class='ocrx_word' id='word_1_89' title='bbox 1627 2025 1691 2088; x_wconf 90' lang='lat' dir='ltr'>et</span> <span class='ocrx_word' id='word_1_90' title='bbox 1732 2023 1959 2102; x_wconf 80' lang='lat' dir='ltr'>Fastis,</span> <span class='ocrx_word' id='word_1_91' title='bbox 2006 2041 2081 2088; x_wconf 88' lang='lat' dir='ltr'>ac</span> <span class='ocrx_word' id='word_1_92' title='bbox 2127 2022 2346 2088; x_wconf 89' lang='lat' dir='ltr'>diebus</span> <span class='ocrx_word' id='word_1_93' title='bbox 2391 2020 2654 2086; x_wconf 89' lang='lat' dir='ltr'>Veneris</span> <span class='ocrx_word' id='word_1_94' title='bbox 2701 2038 2812 2086; x_wconf 87' lang='lat' dir='ltr'>seu</span> <span class='ocrx_word' id='word_1_95' title='bbox 2859 2020 3328 2102; x_wconf 84' lang='lat' dir='ltr'>capitularibus,</span> <span class='ocrx_word' id='word_1_96' title='bbox 3378 2022 3590 2086; x_wconf 84' lang='lat' dir='ltr'>adsint</span> <span class='ocrx_word' id='word_1_97' title='bbox 3633 2041 3816 2086; x_wconf 89' lang='lat' dir='ltr'>sem-</span> 
     </span>
     <span class='ocr_line' id='line_1_12' title="bbox 900 2123 3818 2214; baseline -0.001 -20"><span class='ocrx_word' id='word_1_98' title='bbox 900 2148 1013 2214; x_wconf 88' lang='lat' dir='ltr'>per</span> <span class='ocrx_word' id='word_1_99' title='bbox 1058 2131 1420 2211; x_wconf 82' lang='lat' dir='ltr'>praesentes</span> <span class='ocrx_word' id='word_1_100' title='bbox 1468 2127 1531 2192; x_wconf 88' lang='lat' dir='ltr'>in</span> <span class='ocrx_word' id='word_1_101' title='bbox 1574 2127 1859 2192; x_wconf 82' lang='lat' dir='ltr'>Ecclesia</span> <span class='ocrx_word' id='word_1_102' title='bbox 1904 2128 1967 2192; x_wconf 89' lang='lat' dir='ltr'>et</span> <span class='ocrx_word' id='word_1_103' title='bbox 2012 2123 2328 2210; x_wconf 89' lang='lat' dir='ltr'>Capitulo,</span> <span class='ocrx_word' id='word_1_104' title='bbox 2397 2124 2452 2189; x_wconf 90' lang='lat' dir='ltr'>si</span> <span class='ocrx_word' id='word_1_105' title='bbox 2495 2124 2722 2189; x_wconf 89' lang='lat' dir='ltr'>lucrari</span> <span class='ocrx_word' id='word_1_106' title='bbox 2786 2123 3157 2190; x_wconf 86' lang='lat' dir='ltr'>refectiones</span> <span class='ocrx_word' id='word_1_107' title='bbox 3206 2125 3466 2191; x_wconf 88' lang='lat' dir='ltr'>volunt:</span> <span class='ocrx_word' id='word_1_108' title='bbox 3519 2125 3818 2208; x_wconf 86' lang='lat' dir='ltr'>alioquin</span> 
     </span>
     <span class='ocr_line' id='line_1_13' title="bbox 902 2227 3816 2316; baseline -0.001 -18"><span class='ocrx_word' id='word_1_109' title='bbox 902 2233 959 2298; x_wconf 90' lang='lat' dir='ltr'>si</span> <span class='ocrx_word' id='word_1_110' title='bbox 1002 2233 1216 2316; x_wconf 89' lang='lat' dir='ltr'>aliquo</span> <span class='ocrx_word' id='word_1_111' title='bbox 1261 2231 1501 2296; x_wconf 88' lang='lat' dir='ltr'>dierum</span> <span class='ocrx_word' id='word_1_112' title='bbox 1549 2231 2007 2312; x_wconf 86' lang='lat' dir='ltr'>praedictorum</span> <span class='ocrx_word' id='word_1_113' title='bbox 2057 2249 2181 2295; x_wconf 89' lang='lat' dir='ltr'>non</span> <span class='ocrx_word' id='word_1_114' title='bbox 2229 2229 2542 2294; x_wconf 80' lang='lat' dir='ltr'>adfuerint</span> <span class='ocrx_word' id='word_1_115' title='bbox 2587 2227 2706 2311; x_wconf 90' lang='lat' dir='ltr'>(uti</span> <span class='ocrx_word' id='word_1_116' title='bbox 2751 2229 2922 2293; x_wconf 84' lang='lat' dir='ltr'>aliud</span> <span class='ocrx_word' id='word_1_117' title='bbox 2969 2227 3292 2294; x_wconf 86' lang='lat' dir='ltr'>Statutum</span> <span class='ocrx_word' id='word_1_118' title='bbox 3337 2227 3540 2294; x_wconf 86' lang='lat' dir='ltr'><strong>XCIV</strong></span> <span class='ocrx_word' id='word_1_119' title='bbox 3586 2230 3816 2312; x_wconf 88' lang='lat' dir='ltr'>dispo-</span> 
     </span>
     <span class='ocr_line' id='line_1_14' title="bbox 898 2331 3818 2420; baseline -0.001 -19"><span class='ocrx_word' id='word_1_120' title='bbox 898 2336 1043 2420; x_wconf 89' lang='lat' dir='ltr'>nit),</span> <span class='ocrx_word' id='word_1_121' title='bbox 1110 2335 1335 2400; x_wconf 86' lang='lat' dir='ltr'>extunc</span> <span class='ocrx_word' id='word_1_122' title='bbox 1398 2333 1917 2416; x_wconf 63' lang='lat' dir='ltr'>praecedentibus</span> <span class='ocrx_word' id='word_1_123' title='bbox 1984 2333 2346 2399; x_wconf 87' lang='lat' dir='ltr'>immediate</span> <span class='ocrx_word' id='word_1_124' title='bbox 2409 2333 2630 2398; x_wconf 89' lang='lat' dir='ltr'>diebus</span> <span class='ocrx_word' id='word_1_125' title='bbox 2693 2331 2931 2398; x_wconf 87' lang='lat' dir='ltr'>feriatis</span> <span class='ocrx_word' id='word_1_126' title='bbox 2993 2333 3134 2416; x_wconf 83' lang='lat' dir='ltr'>ipso</span> <span class='ocrx_word' id='word_1_127' title='bbox 3199 2333 3366 2398; x_wconf 85' lang='lat' dir='ltr'>facto</span> <span class='ocrx_word' id='word_1_128' title='bbox 3431 2333 3818 2398; x_wconf 79' lang='lat' dir='ltr'>refectiones</span> 
     </span>
     <span class='ocr_line' id='line_1_15' title="bbox 906 2436 3820 2522; baseline -0.001 -17"><span class='ocrx_word' id='word_1_129' title='bbox 906 2439 1221 2505; x_wconf 85' lang='lat' dir='ltr'>amit-tent.</span> <span class='ocrx_word' id='word_1_130' title='bbox 1270 2437 1505 2505; x_wconf 83' lang='lat' dir='ltr'>Eadem</span> <span class='ocrx_word' id='word_1_131' title='bbox 1551 2437 1837 2509; x_wconf 87' lang='lat' dir='ltr'>absentia</span> <span class='ocrx_word' id='word_1_132' title='bbox 1884 2437 2068 2503; x_wconf 86' lang='lat' dir='ltr'>titulo</span> <span class='ocrx_word' id='word_1_133' title='bbox 2115 2436 2586 2501; x_wconf 85' lang='lat' dir='ltr'>Vindemiarum</span> <span class='ocrx_word' id='word_1_134' title='bbox 2633 2437 2823 2501; x_wconf 89' lang='lat' dir='ltr'>etiam</span> <span class='ocrx_word' id='word_1_135' title='bbox 2869 2437 3036 2501; x_wconf 89' lang='lat' dir='ltr'>ultra</span> <span class='ocrx_word' id='word_1_136' title='bbox 3081 2437 3242 2502; x_wconf 89' lang='lat' dir='ltr'>duos</span> <span class='ocrx_word' id='word_1_137' title='bbox 3287 2455 3539 2503; x_wconf 88' lang='lat' dir='ltr'>menses</span> <span class='ocrx_word' id='word_1_138' title='bbox 3587 2456 3820 2522; x_wconf 85' lang='lat' dir='ltr'>proro-</span> 
     </span>
     <span class='ocr_line' id='line_1_16' title="bbox 908 2539 3828 2629; baseline -0.001 -22"><span class='ocrx_word' id='word_1_139' title='bbox 908 2542 1140 2629; x_wconf 79' lang='lat' dir='ltr'>ganda,</span> <span class='ocrx_word' id='word_1_140' title='bbox 1194 2540 1558 2606; x_wconf 87' lang='lat' dir='ltr'>conceditur</span> <span class='ocrx_word' id='word_1_141' title='bbox 1600 2560 1714 2625; x_wconf 86' lang='lat' dir='ltr'>per</span> <span class='ocrx_word' id='word_1_142' title='bbox 1760 2540 2082 2607; x_wconf 86' lang='lat' dir='ltr'>Statutum</span> <span class='ocrx_word' id='word_1_143' title='bbox 2127 2540 2352 2606; x_wconf 86' lang='lat' dir='ltr'><strong>XCIX.</strong></span> <span class='ocrx_word' id='word_1_144' title='bbox 2422 2539 2504 2605; x_wconf 82' lang='lat' dir='ltr'>Et</span> <span class='ocrx_word' id='word_1_145' title='bbox 2548 2558 2924 2622; x_wconf 88' lang='lat' dir='ltr'>quamquam</span> <span class='ocrx_word' id='word_1_146' title='bbox 2981 2559 3277 2605; x_wconf 88' lang='lat' dir='ltr'>successu</span> <span class='ocrx_word' id='word_1_147' title='bbox 3322 2542 3622 2623; x_wconf 89' lang='lat' dir='ltr'>temporis</span> <span class='ocrx_word' id='word_1_148' title='bbox 3665 2541 3828 2606; x_wconf 86' lang='lat' dir='ltr'>huic</span> 
     </span>
     <span class='ocr_line' id='line_1_17' title="bbox 902 2643 3824 2727; baseline -0.001 -15"><span class='ocrx_word' id='word_1_149' title='bbox 902 2644 1202 2712; x_wconf 81' lang='lat' dir='ltr'>beneficio</span> <span class='ocrx_word' id='word_1_150' title='bbox 1250 2643 1623 2711; x_wconf 88' lang='lat' dir='ltr'>absentandi</span> <span class='ocrx_word' id='word_1_151' title='bbox 1670 2663 1739 2710; x_wconf 90' lang='lat' dir='ltr'>se</span> <span class='ocrx_word' id='word_1_152' title='bbox 1784 2663 1896 2727; x_wconf 88' lang='lat' dir='ltr'>per</span> <span class='ocrx_word' id='word_1_153' title='bbox 1940 2643 2099 2709; x_wconf 88' lang='lat' dir='ltr'>duos</span> <span class='ocrx_word' id='word_1_154' title='bbox 2145 2661 2392 2708; x_wconf 86' lang='lat' dir='ltr'>menses</span> <span class='ocrx_word' id='word_1_155' title='bbox 2439 2644 2722 2726; x_wconf 87' lang='lat' dir='ltr'>tempore</span> <span class='ocrx_word' id='word_1_156' title='bbox 2767 2644 3244 2710; x_wconf 81' lang='lat' dir='ltr'>Vindemiarum</span> <span class='ocrx_word' id='word_1_157' title='bbox 3289 2644 3425 2710; x_wconf 86' lang='lat' dir='ltr'>sine</span> <span class='ocrx_word' id='word_1_158' title='bbox 3471 2645 3824 2710; x_wconf 85' lang='lat' dir='ltr'>amissione</span> 
     </span>
     <span class='ocr_line' id='line_1_18' title="bbox 902 2746 3826 2832; baseline -0.001 -17"><span class='ocrx_word' id='word_1_159' title='bbox 902 2749 1314 2815; x_wconf 86' lang='lat' dir='ltr'>refectionum</span> <span class='ocrx_word' id='word_1_160' title='bbox 1364 2747 1445 2813; x_wconf 88' lang='lat' dir='ltr'>ob</span> <span class='ocrx_word' id='word_1_161' title='bbox 1490 2746 1856 2830; x_wconf 88' lang='lat' dir='ltr'>scrupulum</span> <span class='ocrx_word' id='word_1_162' title='bbox 1902 2747 2160 2812; x_wconf 89' lang='lat' dir='ltr'>nulliter</span> <span class='ocrx_word' id='word_1_163' title='bbox 2203 2749 2638 2830; x_wconf 88' lang='lat' dir='ltr'>perceptorum</span> <span class='ocrx_word' id='word_1_164' title='bbox 2686 2746 3110 2812; x_wconf 84' lang='lat' dir='ltr'>renuntiasset</span> <span class='ocrx_word' id='word_1_165' title='bbox 3154 2746 3536 2832; x_wconf 87' lang='lat' dir='ltr'>Capitulum,</span> <span class='ocrx_word' id='word_1_166' title='bbox 3593 2749 3826 2813; x_wconf 87' lang='lat' dir='ltr'>tamen</span> 
     </span>
     <span class='ocr_line' id='line_1_19' title="bbox 902 2849 3820 2934; baseline -0.001 -18"><span class='ocrx_word' id='word_1_167' title='bbox 902 2851 1133 2918; x_wconf 89' lang='lat' dir='ltr'>iterum</span> <span class='ocrx_word' id='word_1_168' title='bbox 1167 2869 1351 2917; x_wconf 86' lang='lat' dir='ltr'>usum</span> <span class='ocrx_word' id='word_1_169' title='bbox 1388 2851 1533 2916; x_wconf 79' lang='lat' dir='ltr'>talis</span> <span class='ocrx_word' id='word_1_170' title='bbox 1564 2850 1881 2916; x_wconf 86' lang='lat' dir='ltr'>absentiae</span> <span class='ocrx_word' id='word_1_171' title='bbox 1918 2851 2334 2934; x_wconf 88' lang='lat' dir='ltr'>reassumpsit</span> <span class='ocrx_word' id='word_1_172' title='bbox 2367 2869 2478 2934; x_wconf 89' lang='lat' dir='ltr'>per</span> <span class='ocrx_word' id='word_1_173' title='bbox 2506 2850 2824 2917; x_wconf 90' lang='lat' dir='ltr'>Statutum</span> <span class='ocrx_word' id='word_1_174' title='bbox 2859 2850 3171 2932; x_wconf 87' lang='lat' dir='ltr'>posterius</span> <span class='ocrx_word' id='word_1_175' title='bbox 3209 2850 3470 2934; x_wconf 85' lang='lat' dir='ltr'>(Statut.</span> <span class='ocrx_word' id='word_1_176' title='bbox 3495 2849 3820 2929; x_wconf 80' lang='lat' dir='ltr'>CXVIII).</span> 
     </span>
    </p>
   </div>
   <div class='ocr_carea' id='block_1_5' title="bbox 906 3056 3834 3971">
    <p class='ocr_par' dir='ltr' id='par_1_5' title="bbox 906 3056 3834 3971">
     <span class='ocr_line' id='line_1_20' title="bbox 1112 3056 3826 3143; baseline 0 -18"><span class='ocrx_word' id='word_1_177' title='bbox 1112 3058 1218 3125; x_wconf 88' lang='lat' dir='ltr'>De</span> <span class='ocrx_word' id='word_1_178' title='bbox 1283 3059 1855 3126; x_wconf 87' lang='lat' dir='ltr'>ordinatione</span> <span class='ocrx_word' id='word_1_179' title='bbox 1932 3056 2643 3122; x_wconf 88' lang='lat' dir='ltr'>hebdomadarum</span> <span class='ocrx_word' id='word_1_180' title='bbox 2711 3058 3103 3139; x_wconf 88' lang='lat' dir='ltr'>tempore</span> <span class='ocrx_word' id='word_1_181' title='bbox 3175 3057 3454 3140; x_wconf 88' lang='lat' dir='ltr'>pestis</span> <span class='ocrx_word' id='word_1_182' title='bbox 3547 3057 3826 3143; x_wconf 87' lang='lat' dir='ltr'>(Statut.</span> 
     </span>
     <span class='ocr_line' id='line_1_21' title="bbox 906 3160 3822 3249; baseline -0.001 -18"><span class='ocrx_word' id='word_1_183' title='bbox 906 3161 1127 3249; x_wconf 86' lang='lat' dir='ltr'>XCV),</span> <span class='ocrx_word' id='word_1_184' title='bbox 1199 3163 1513 3248; x_wconf 89' lang='lat' dir='ltr'>quomodo</span> <span class='ocrx_word' id='word_1_185' title='bbox 1578 3160 1872 3229; x_wconf 87' lang='lat' dir='ltr'>nimirum</span> <span class='ocrx_word' id='word_1_186' title='bbox 1938 3160 2171 3227; x_wconf 88' lang='lat' dir='ltr'>Missae</span> <span class='ocrx_word' id='word_1_187' title='bbox 2233 3161 2520 3227; x_wconf 86' lang='lat' dir='ltr'>cantatae</span> <span class='ocrx_word' id='word_1_188' title='bbox 2587 3161 2666 3227; x_wconf 89' lang='lat' dir='ltr'>ad</span> <span class='ocrx_word' id='word_1_189' title='bbox 2713 3160 2920 3227; x_wconf 82' lang='lat' dir='ltr'>Maius</span> <span class='ocrx_word' id='word_1_190' title='bbox 2967 3161 3184 3227; x_wconf 85' lang='lat' dir='ltr'>Altare</span> <span class='ocrx_word' id='word_1_191' title='bbox 3247 3162 3465 3247; x_wconf 88' lang='lat' dir='ltr'>peragi</span> <span class='ocrx_word' id='word_1_192' title='bbox 3513 3163 3822 3243; x_wconf 88' lang='lat' dir='ltr'>debeant,</span> 
     </span>
     <span class='ocr_line' id='line_1_22' title="bbox 909 3268 3830 3353; baseline -0.001 -16"><span class='ocrx_word' id='word_1_193' title='bbox 909 3272 974 3337; x_wconf 85' lang='lat' dir='ltr'>et</span> <span class='ocrx_word' id='word_1_194' title='bbox 1018 3270 1371 3336; x_wconf 86' lang='lat' dir='ltr'>declaratur</span> <span class='ocrx_word' id='word_1_195' title='bbox 1414 3288 1527 3353; x_wconf 89' lang='lat' dir='ltr'>per</span> <span class='ocrx_word' id='word_1_196' title='bbox 1570 3286 1868 3353; x_wconf 88' lang='lat' dir='ltr'>praesens</span> <span class='ocrx_word' id='word_1_197' title='bbox 1915 3268 2256 3344; x_wconf 87' lang='lat' dir='ltr'>Statutum,</span> <span class='ocrx_word' id='word_1_198' title='bbox 2327 3268 2493 3350; x_wconf 88' lang='lat' dir='ltr'>quod</span> <span class='ocrx_word' id='word_1_199' title='bbox 2539 3285 2645 3333; x_wconf 88' lang='lat' dir='ltr'>eas</span> <span class='ocrx_word' id='word_1_200' title='bbox 2683 3286 2806 3331; x_wconf 91' lang='lat' dir='ltr'>non</span> <span class='ocrx_word' id='word_1_201' title='bbox 2856 3268 2979 3331; x_wconf 88' lang='lat' dir='ltr'>iam</span> <span class='ocrx_word' id='word_1_202' title='bbox 3048 3268 3343 3350; x_wconf 89' lang='lat' dir='ltr'>quinque,</span> <span class='ocrx_word' id='word_1_203' title='bbox 3411 3269 3526 3333; x_wconf 91' lang='lat' dir='ltr'>sed</span> <span class='ocrx_word' id='word_1_204' title='bbox 3569 3270 3830 3333; x_wconf 86' lang='lat' dir='ltr'>tantum</span> 
     </span>
     <span class='ocr_line' id='line_1_23' title="bbox 910 3370 3830 3457; baseline -0.001 -17"><span class='ocrx_word' id='word_1_205' title='bbox 910 3376 1039 3440; x_wconf 88' lang='lat' dir='ltr'>tres</span> <span class='ocrx_word' id='word_1_206' title='bbox 1085 3374 1148 3438; x_wconf 92' lang='lat' dir='ltr'>in</span> <span class='ocrx_word' id='word_1_207' title='bbox 1194 3374 1547 3457; x_wconf 88' lang='lat' dir='ltr'>septimana</span> <span class='ocrx_word' id='word_1_208' title='bbox 1607 3371 1756 3457; x_wconf 90' lang='lat' dir='ltr'>(nisi</span> <span class='ocrx_word' id='word_1_209' title='bbox 1798 3372 1959 3437; x_wconf 91' lang='lat' dir='ltr'>forte</span> <span class='ocrx_word' id='word_1_210' title='bbox 2005 3373 2188 3456; x_wconf 88' lang='lat' dir='ltr'>plura</span> <span class='ocrx_word' id='word_1_211' title='bbox 2232 3372 2421 3437; x_wconf 81' lang='lat' dir='ltr'>Festa</span> <span class='ocrx_word' id='word_1_212' title='bbox 2465 3370 2820 3452; x_wconf 82' lang='lat' dir='ltr'>inciderint)</span> <span class='ocrx_word' id='word_1_213' title='bbox 2887 3372 3140 3437; x_wconf 85' lang='lat' dir='ltr'>cantare</span> <span class='ocrx_word' id='word_1_214' title='bbox 3187 3371 3507 3438; x_wconf 87' lang='lat' dir='ltr'>debebunt</span> <span class='ocrx_word' id='word_1_215' title='bbox 3549 3371 3646 3438; x_wconf 86' lang='lat' dir='ltr'>illi</span> <span class='ocrx_word' id='word_1_216' title='bbox 3693 3370 3830 3437; x_wconf 87' lang='lat' dir='ltr'>Ca-</span> 
     </span>
     <span class='ocr_line' id='line_1_24' title="bbox 915 3473 3834 3560; baseline -0.001 -17"><span class='ocrx_word' id='word_1_217' title='bbox 915 3477 1243 3560; x_wconf 84' lang='lat' dir='ltr'>pitulares,</span> <span class='ocrx_word' id='word_1_218' title='bbox 1312 3478 1418 3560; x_wconf 86' lang='lat' dir='ltr'>qui</span> <span class='ocrx_word' id='word_1_219' title='bbox 1480 3480 1631 3541; x_wconf 90' lang='lat' dir='ltr'>tunc</span> <span class='ocrx_word' id='word_1_220' title='bbox 1694 3477 1857 3541; x_wconf 88' lang='lat' dir='ltr'>circa</span> <span class='ocrx_word' id='word_1_221' title='bbox 1922 3474 2274 3540; x_wconf 85' lang='lat' dir='ltr'>Ecclesiam</span> <span class='ocrx_word' id='word_1_222' title='bbox 2335 3474 2718 3554; x_wconf 87' lang='lat' dir='ltr'>residebunt,</span> <span class='ocrx_word' id='word_1_223' title='bbox 2788 3476 2951 3539; x_wconf 89' lang='lat' dir='ltr'>sicut</span> <span class='ocrx_word' id='word_1_224' title='bbox 3014 3474 3203 3539; x_wconf 89' lang='lat' dir='ltr'>etiam</span> <span class='ocrx_word' id='word_1_225' title='bbox 3267 3476 3331 3539; x_wconf 92' lang='lat' dir='ltr'>et</span> <span class='ocrx_word' id='word_1_226' title='bbox 3375 3473 3532 3540; x_wconf 87' lang='lat' dir='ltr'>alias</span> <span class='ocrx_word' id='word_1_227' title='bbox 3599 3494 3834 3540; x_wconf 86' lang='lat' dir='ltr'>omnes</span> 
     </span>
     <span class='ocr_line' id='line_1_25' title="bbox 912 3577 3826 3661; baseline -0.001 -15"><span class='ocrx_word' id='word_1_228' title='bbox 912 3580 1079 3647; x_wconf 90' lang='lat' dir='ltr'>vices</span> <span class='ocrx_word' id='word_1_229' title='bbox 1126 3582 1483 3647; x_wconf 90' lang='lat' dir='ltr'>absentium</span> <span class='ocrx_word' id='word_1_230' title='bbox 1530 3581 1701 3646; x_wconf 90' lang='lat' dir='ltr'>obire</span> <span class='ocrx_word' id='word_1_231' title='bbox 1747 3580 1813 3645; x_wconf 89' lang='lat' dir='ltr'>et</span> <span class='ocrx_word' id='word_1_232' title='bbox 1856 3580 2104 3657; x_wconf 86' lang='lat' dir='ltr'>explere</span> <span class='ocrx_word' id='word_1_233' title='bbox 2169 3579 2566 3643; x_wconf 87' lang='lat' dir='ltr'>tenebuntur.</span> <span class='ocrx_word' id='word_1_234' title='bbox 2640 3578 2758 3643; x_wconf 87' lang='lat' dir='ltr'>Pro</span> <span class='ocrx_word' id='word_1_235' title='bbox 2807 3597 2928 3661; x_wconf 88' lang='lat' dir='ltr'>quo</span> <span class='ocrx_word' id='word_1_236' title='bbox 2979 3578 3192 3645; x_wconf 86' lang='lat' dir='ltr'>labore</span> <span class='ocrx_word' id='word_1_237' title='bbox 3239 3578 3304 3643; x_wconf 88' lang='lat' dir='ltr'>et</span> <span class='ocrx_word' id='word_1_238' title='bbox 3347 3577 3597 3644; x_wconf 90' lang='lat' dir='ltr'>obiectu</span> <span class='ocrx_word' id='word_1_239' title='bbox 3643 3581 3826 3661; x_wconf 85' lang='lat' dir='ltr'>peri·</span> 
     </span>
     <span class='ocr_line' id='line_1_26' title="bbox 914 3681 3828 3767; baseline -0 -19"><span class='ocrx_word' id='word_1_240' title='bbox 914 3684 1059 3763; x_wconf 90' lang='lat' dir='ltr'>culi,</span> <span class='ocrx_word' id='word_1_241' title='bbox 1110 3684 1373 3767; x_wconf 85' lang='lat' dir='ltr'>praefati</span> <span class='ocrx_word' id='word_1_242' title='bbox 1417 3683 1765 3750; x_wconf 86' lang='lat' dir='ltr'>residentes</span> <span class='ocrx_word' id='word_1_243' title='bbox 1810 3682 2176 3765; x_wconf 82' lang='lat' dir='ltr'>gaudebunt</span> <span class='ocrx_word' id='word_1_244' title='bbox 2219 3685 2369 3747; x_wconf 89' lang='lat' dir='ltr'>tunc</span> <span class='ocrx_word' id='word_1_245' title='bbox 2413 3682 2535 3765; x_wconf 87' lang='lat' dir='ltr'>ipsi</span> <span class='ocrx_word' id='word_1_246' title='bbox 2574 3681 2693 3747; x_wconf 90' lang='lat' dir='ltr'>soli</span> <span class='ocrx_word' id='word_1_247' title='bbox 2741 3684 3030 3747; x_wconf 88' lang='lat' dir='ltr'>omnibus</span> <span class='ocrx_word' id='word_1_248' title='bbox 3077 3682 3458 3764; x_wconf 86' lang='lat' dir='ltr'>quotidianis</span> <span class='ocrx_word' id='word_1_249' title='bbox 3498 3684 3562 3747; x_wconf 91' lang='lat' dir='ltr'>et</span> <span class='ocrx_word' id='word_1_250' title='bbox 3599 3702 3828 3765; x_wconf 87' lang='lat' dir='ltr'>super-</span> 
     </span>
     <span class='ocr_line' id='line_1_27' title="bbox 918 3786 3829 3873; baseline -0 -21"><span class='ocrx_word' id='word_1_251' title='bbox 918 3789 1191 3873; x_wconf 85' lang='lat' dir='ltr'>erogatis</span> <span class='ocrx_word' id='word_1_252' title='bbox 1238 3787 1783 3854; x_wconf 88' lang='lat' dir='ltr'>distributionibus</span> <span class='ocrx_word' id='word_1_253' title='bbox 1829 3790 1895 3851; x_wconf 90' lang='lat' dir='ltr'>et</span> <span class='ocrx_word' id='word_1_254' title='bbox 1938 3786 2397 3863; x_wconf 86' lang='lat' dir='ltr'>anniversariis,</span> <span class='ocrx_word' id='word_1_255' title='bbox 2447 3804 2521 3852; x_wconf 86' lang='lat' dir='ltr'>ac</span> <span class='ocrx_word' id='word_1_256' title='bbox 2567 3786 2873 3851; x_wconf 78' lang='lat' dir='ltr'>universis</span> <span class='ocrx_word' id='word_1_257' title='bbox 2940 3804 3050 3868; x_wconf 92' lang='lat' dir='ltr'>pro</span> <span class='ocrx_word' id='word_1_258' title='bbox 3101 3805 3274 3851; x_wconf 92' lang='lat' dir='ltr'>more</span> <span class='ocrx_word' id='word_1_259' title='bbox 3319 3787 3460 3851; x_wconf 85' lang='lat' dir='ltr'>aliis</span> <span class='ocrx_word' id='word_1_260' title='bbox 3507 3788 3829 3868; x_wconf 88' lang='lat' dir='ltr'>tempori-</span> 
     </span>
     <span class='ocr_line' id='line_1_28' title="bbox 916 3888 3277 3971; baseline -0.002 -14"><span class='ocrx_word' id='word_1_261' title='bbox 916 3892 1035 3957; x_wconf 92' lang='lat' dir='ltr'>bus</span> <span class='ocrx_word' id='word_1_262' title='bbox 1082 3891 1373 3958; x_wconf 87' lang='lat' dir='ltr'>distribui</span> <span class='ocrx_word' id='word_1_263' title='bbox 1418 3892 1625 3957; x_wconf 89' lang='lat' dir='ltr'>solitis</span> <span class='ocrx_word' id='word_1_264' title='bbox 1672 3888 2174 3968; x_wconf 85' lang='lat' dir='ltr'>obventionibus,</span> <span class='ocrx_word' id='word_1_265' title='bbox 2226 3907 2426 3971; x_wconf 89' lang='lat' dir='ltr'>usque</span> <span class='ocrx_word' id='word_1_266' title='bbox 2471 3888 2552 3953; x_wconf 86' lang='lat' dir='ltr'>ad</span> <span class='ocrx_word' id='word_1_267' title='bbox 2597 3889 2793 3971; x_wconf 88' lang='lat' dir='ltr'>pestis</span> <span class='ocrx_word' id='word_1_268' title='bbox 2841 3888 3277 3955; x_wconf 87' lang='lat' dir='ltr'>cessationem.</span> 
     </span>
    </p>
   </div>
   <div class='ocr_carea' id='block_1_6' title="bbox 920 4094 3848 5110">
    <p class='ocr_par' dir='ltr' id='par_1_6' title="bbox 920 4094 3848 5110">
     <span class='ocr_line' id='line_1_29' title="bbox 1126 4094 3831 4177; baseline -0.002 -13"><span class='ocrx_word' id='word_1_269' title='bbox 1126 4099 1234 4164; x_wconf 90' lang='lat' dir='ltr'>De</span> <span class='ocrx_word' id='word_1_270' title='bbox 1308 4097 1752 4164; x_wconf 87' lang='lat' dir='ltr'>electione</span> <span class='ocrx_word' id='word_1_271' title='bbox 1837 4097 2509 4161; x_wconf 88' lang='lat' dir='ltr'>Procuratorum</span> <span class='ocrx_word' id='word_1_272' title='bbox 2591 4094 3029 4177; x_wconf 87' lang='lat' dir='ltr'>Capituli,</span> <span class='ocrx_word' id='word_1_273' title='bbox 3127 4099 3210 4159; x_wconf 89' lang='lat' dir='ltr'>et</span> <span class='ocrx_word' id='word_1_274' title='bbox 3281 4095 3520 4160; x_wconf 91' lang='lat' dir='ltr'>modo</span> <span class='ocrx_word' id='word_1_275' title='bbox 3601 4096 3831 4161; x_wconf 82' lang='lat' dir='ltr'>exci-</span> 
     </span>
     <span class='ocr_line' id='line_1_30' title="bbox 920 4196 3833 4284; baseline -0.001 -17"><span class='ocrx_word' id='word_1_276' title='bbox 920 4200 1219 4284; x_wconf 89' lang='lat' dir='ltr'>piendi</span> <span class='ocrx_word' id='word_1_277' title='bbox 1280 4201 1568 4269; x_wconf 80' lang='lat' dir='ltr'>abeis</span> <span class='ocrx_word' id='word_1_278' title='bbox 1630 4202 2066 4267; x_wconf 89' lang='lat' dir='ltr'>rationum</span> <span class='ocrx_word' id='word_1_279' title='bbox 2138 4199 2232 4264; x_wconf 91' lang='lat' dir='ltr'>de</span> <span class='ocrx_word' id='word_1_280' title='bbox 2295 4198 2734 4264; x_wconf 89' lang='lat' dir='ltr'>reditibus</span> <span class='ocrx_word' id='word_1_281' title='bbox 2795 4196 3180 4280; x_wconf 84' lang='lat' dir='ltr'>Capituli</span> <span class='ocrx_word' id='word_1_282' title='bbox 3243 4201 3326 4263; x_wconf 88' lang='lat' dir='ltr'>et</span> <span class='ocrx_word' id='word_1_283' title='bbox 3385 4198 3833 4263; x_wconf 88' lang='lat' dir='ltr'>fundatio·</span> 
     </span>
     <span class='ocr_line' id='line_1_31' title="bbox 922 4301 3834 4389; baseline -0.001 -18"><span class='ocrx_word' id='word_1_284' title='bbox 922 4325 1109 4371; x_wconf 91' lang='lat' dir='ltr'>num</span> <span class='ocrx_word' id='word_1_285' title='bbox 1185 4304 1445 4389; x_wconf 87' lang='lat' dir='ltr'>(Statut.</span> <span class='ocrx_word' id='word_1_286' title='bbox 1512 4304 1799 4389; x_wconf 88' lang='lat' dir='ltr'>CXVII).</span> <span class='ocrx_word' id='word_1_287' title='bbox 1877 4304 2137 4371; x_wconf 84' lang='lat' dir='ltr'>Occasio</span> <span class='ocrx_word' id='word_1_288' title='bbox 2202 4304 2386 4368; x_wconf 88' lang='lat' dir='ltr'>huius</span> <span class='ocrx_word' id='word_1_289' title='bbox 2451 4303 2678 4368; x_wconf 86' lang='lat' dir='ltr'>Statuti</span> <span class='ocrx_word' id='word_1_290' title='bbox 2753 4302 3174 4367; x_wconf 87' lang='lat' dir='ltr'>constituendi</span> <span class='ocrx_word' id='word_1_291' title='bbox 3237 4301 3418 4367; x_wconf 85' lang='lat' dir='ltr'>Anno</span> <span class='ocrx_word' id='word_1_292' title='bbox 3485 4301 3834 4367; x_wconf 83' lang='lat' dir='ltr'>Millesimo</span> 
     </span>
     <span class='ocr_line' id='line_1_32' title="bbox 926 4405 3832 4494; baseline -0.001 -21"><span class='ocrx_word' id='word_1_293' title='bbox 926 4408 1440 4493; x_wconf 85' lang='lat' dir='ltr'>Quingentesimo</span> <span class='ocrx_word' id='word_1_294' title='bbox 1504 4408 2022 4494; x_wconf 86' lang='lat' dir='ltr'>quinquagesimo</span> <span class='ocrx_word' id='word_1_295' title='bbox 2091 4408 2290 4485; x_wconf 87' lang='lat' dir='ltr'>sexto,</span> <span class='ocrx_word' id='word_1_296' title='bbox 2362 4407 2460 4472; x_wconf 88' lang='lat' dir='ltr'>die</span> <span class='ocrx_word' id='word_1_297' title='bbox 2505 4406 2812 4489; x_wconf 81' lang='lat' dir='ltr'>vigesima</span> <span class='ocrx_word' id='word_1_298' title='bbox 2855 4406 3030 4472; x_wconf 81' lang='lat' dir='ltr'>sexta</span> <span class='ocrx_word' id='word_1_299' title='bbox 3086 4406 3260 4485; x_wconf 84' lang='lat' dir='ltr'>Maii,</span> <span class='ocrx_word' id='word_1_300' title='bbox 3331 4405 3472 4483; x_wconf 92' lang='lat' dir='ltr'>fuit,</span> <span class='ocrx_word' id='word_1_301' title='bbox 3543 4406 3715 4487; x_wconf 79' lang='lat' dir='ltr'>quod</span> <span class='ocrx_word' id='word_1_302' title='bbox 3759 4407 3832 4471; x_wconf 89' lang='lat' dir='ltr'>in</span> 
     </span>
     <span class='ocr_line' id='line_1_33' title="bbox 926 4508 3831 4591; baseline -0.001 -13"><span class='ocrx_word' id='word_1_303' title='bbox 926 4514 1319 4578; x_wconf 89' lang='lat' dir='ltr'>antecessum</span> <span class='ocrx_word' id='word_1_304' title='bbox 1368 4514 1541 4579; x_wconf 88' lang='lat' dir='ltr'>nulla</span> <span class='ocrx_word' id='word_1_305' title='bbox 1584 4513 1919 4579; x_wconf 88' lang='lat' dir='ltr'>methodus</span> <span class='ocrx_word' id='word_1_306' title='bbox 1984 4511 2307 4577; x_wconf 84' lang='lat' dir='ltr'>electionis</span> <span class='ocrx_word' id='word_1_307' title='bbox 2373 4512 2860 4576; x_wconf 70' lang='lat' dir='ltr'>Procul-storum</span> <span class='ocrx_word' id='word_1_308' title='bbox 2907 4514 2970 4575; x_wconf 93' lang='lat' dir='ltr'>et</span> <span class='ocrx_word' id='word_1_309' title='bbox 3016 4508 3430 4575; x_wconf 88' lang='lat' dir='ltr'>discussionis</span> <span class='ocrx_word' id='word_1_310' title='bbox 3477 4508 3831 4591; x_wconf 83' lang='lat' dir='ltr'>Regestro·</span> 
     </span>
     <span class='ocr_line' id='line_1_34' title="bbox 929 4612 3840 4701; baseline -0.001 -20"><span class='ocrx_word' id='word_1_311' title='bbox 929 4636 1069 4681; x_wconf 90' lang='lat' dir='ltr'>rum</span> <span class='ocrx_word' id='word_1_312' title='bbox 1116 4618 1283 4681; x_wconf 88' lang='lat' dir='ltr'>circa</span> <span class='ocrx_word' id='word_1_313' title='bbox 1326 4616 1662 4697; x_wconf 88' lang='lat' dir='ltr'>calculum,</span> <span class='ocrx_word' id='word_1_314' title='bbox 1714 4616 2097 4701; x_wconf 87' lang='lat' dir='ltr'>praescripta</span> <span class='ocrx_word' id='word_1_315' title='bbox 2139 4615 2205 4680; x_wconf 88' lang='lat' dir='ltr'>in</span> <span class='ocrx_word' id='word_1_316' title='bbox 2251 4614 2520 4681; x_wconf 86' lang='lat' dir='ltr'>Statutis</span> <span class='ocrx_word' id='word_1_317' title='bbox 2563 4612 3244 4700; x_wconf 58' lang='lat' dir='ltr'>reperiebatur.2Unde</span> <span class='ocrx_word' id='word_1_318' title='bbox 3289 4633 3401 4697; x_wconf 89' lang='lat' dir='ltr'>per</span> <span class='ocrx_word' id='word_1_319' title='bbox 3446 4614 3638 4679; x_wconf 85' lang='lat' dir='ltr'>hocce</span> <span class='ocrx_word' id='word_1_320' title='bbox 3683 4613 3840 4678; x_wconf 82' lang='lat' dir='ltr'>Sta·</span> 
     </span>
     <span class='ocr_line' id='line_1_35' title="bbox 928 4716 3842 4803; baseline -0.001 -18"><span class='ocrx_word' id='word_1_321' title='bbox 928 4721 1137 4785; x_wconf 88' lang='lat' dir='ltr'>tutum</span> <span class='ocrx_word' id='word_1_322' title='bbox 1203 4720 1616 4786; x_wconf 87' lang='lat' dir='ltr'>constitutum</span> <span class='ocrx_word' id='word_1_323' title='bbox 1664 4722 1783 4803; x_wconf 86' lang='lat' dir='ltr'>est,</span> <span class='ocrx_word' id='word_1_324' title='bbox 1862 4721 1933 4785; x_wconf 91' lang='lat' dir='ltr'>ut</span> <span class='ocrx_word' id='word_1_325' title='bbox 1987 4721 2133 4785; x_wconf 88' lang='lat' dir='ltr'>ante</span> <span class='ocrx_word' id='word_1_326' title='bbox 2191 4719 2562 4785; x_wconf 88' lang='lat' dir='ltr'>electionem</span> <span class='ocrx_word' id='word_1_327' title='bbox 2625 4719 3050 4783; x_wconf 88' lang='lat' dir='ltr'>Procuratoris</span> <span class='ocrx_word' id='word_1_328' title='bbox 3113 4716 3493 4801; x_wconf 82' lang='lat' dir='ltr'>praecedant</span> <span class='ocrx_word' id='word_1_329' title='bbox 3556 4718 3842 4782; x_wconf 87' lang='lat' dir='ltr'>rationes</span> 
     </span>
     <span class='ocr_line' id='line_1_36' title="bbox 928 4820 3844 4908; baseline -0.001 -20"><span class='ocrx_word' id='word_1_330' title='bbox 928 4826 1367 4908; x_wconf 90' lang='lat' dir='ltr'>perceptorum</span> <span class='ocrx_word' id='word_1_331' title='bbox 1414 4828 1477 4889; x_wconf 92' lang='lat' dir='ltr'>et</span> <span class='ocrx_word' id='word_1_332' title='bbox 1520 4842 1965 4908; x_wconf 84' lang='lat' dir='ltr'>expensorum;</span> <span class='ocrx_word' id='word_1_333' title='bbox 2016 4822 2244 4907; x_wconf 90' lang='lat' dir='ltr'>quibus</span> <span class='ocrx_word' id='word_1_334' title='bbox 2290 4823 2616 4904; x_wconf 82' lang='lat' dir='ltr'>absolutis,</span> <span class='ocrx_word' id='word_1_335' title='bbox 2669 4820 2971 4905; x_wconf 85' lang='lat' dir='ltr'>Regestra</span> <span class='ocrx_word' id='word_1_336' title='bbox 3005 4820 3224 4887; x_wconf 87' lang='lat' dir='ltr'>talium</span> <span class='ocrx_word' id='word_1_337' title='bbox 3261 4820 3574 4885; x_wconf 85' lang='lat' dir='ltr'>rationum</span> <span class='ocrx_word' id='word_1_338' title='bbox 3619 4839 3844 4886; x_wconf 83' lang='lat' dir='ltr'>coram</span> 
     </span>
     <span class='ocr_line' id='line_1_37' title="bbox 932 4924 3846 5011; baseline -0.001 -20"><span class='ocrx_word' id='word_1_339' title='bbox 932 4925 1221 4993; x_wconf 88' lang='lat' dir='ltr'>Dominis</span> <span class='ocrx_word' id='word_1_340' title='bbox 1282 4928 1349 4992; x_wconf 88' lang='lat' dir='ltr'>in</span> <span class='ocrx_word' id='word_1_341' title='bbox 1396 4926 1685 5009; x_wconf 87' lang='lat' dir='ltr'>Capitulo</span> <span class='ocrx_word' id='word_1_342' title='bbox 1752 4947 1939 5011; x_wconf 89' lang='lat' dir='ltr'>super</span> <span class='ocrx_word' id='word_1_343' title='bbox 1993 4946 2274 4994; x_wconf 87' lang='lat' dir='ltr'>mensam</span> <span class='ocrx_word' id='word_1_344' title='bbox 2336 4926 2747 5009; x_wconf 89' lang='lat' dir='ltr'>reponantur,</span> <span class='ocrx_word' id='word_1_345' title='bbox 2813 4927 2878 4991; x_wconf 90' lang='lat' dir='ltr'>et</span> <span class='ocrx_word' id='word_1_346' title='bbox 2937 4945 3046 5009; x_wconf 88' lang='lat' dir='ltr'>per</span> <span class='ocrx_word' id='word_1_347' title='bbox 3093 4924 3506 5008; x_wconf 90' lang='lat' dir='ltr'>Capitulares,</span> <span class='ocrx_word' id='word_1_348' title='bbox 3575 4924 3846 4989; x_wconf 81' lang='lat' dir='ltr'>remotis</span> 
     </span>
     <span class='ocr_line' id='line_1_38' title="bbox 934 5027 3848 5110; baseline -0.001 -15"><span class='ocrx_word' id='word_1_349' title='bbox 934 5030 1475 5110; x_wconf 83' lang='lat' dir='ltr'>Procuratoribus,</span> <span class='ocrx_word' id='word_1_350' title='bbox 1527 5032 1743 5099; x_wconf 89' lang='lat' dir='ltr'>stricte</span> <span class='ocrx_word' id='word_1_351' title='bbox 1789 5032 2236 5098; x_wconf 83' lang='lat' dir='ltr'>discutiantur:</span> <span class='ocrx_word' id='word_1_352' title='bbox 2285 5048 2358 5095; x_wconf 89' lang='lat' dir='ltr'>ac</span> <span class='ocrx_word' id='word_1_353' title='bbox 2395 5031 2650 5095; x_wconf 89' lang='lat' dir='ltr'>demum</span> <span class='ocrx_word' id='word_1_354' title='bbox 2693 5029 2824 5096; x_wconf 88' lang='lat' dir='ltr'>illis</span> <span class='ocrx_word' id='word_1_355' title='bbox 2872 5029 3175 5096; x_wconf 88' lang='lat' dir='ltr'>discussis</span> <span class='ocrx_word' id='word_1_356' title='bbox 3221 5031 3284 5094; x_wconf 89' lang='lat' dir='ltr'>et</span> <span class='ocrx_word' id='word_1_357' title='bbox 3325 5027 3494 5093; x_wconf 85' lang='lat' dir='ltr'>facta</span> <span class='ocrx_word' id='word_1_358' title='bbox 3527 5027 3848 5093; x_wconf 86' lang='lat' dir='ltr'>revisione</span> 
     </span>
    </p>
   </div>
   <div class='ocr_carea' id='block_1_7' title="bbox 938 5132 3848 5321">
    <p class='ocr_par' dir='ltr' id='par_1_7' title="bbox 938 5132 3848 5321">
     <span class='ocr_line' id='line_1_39' title="bbox 938 5132 3848 5219; baseline -0.001 -21"><span class='ocrx_word' id='word_1_359' title='bbox 938 5153 1321 5200; x_wconf 83' lang='lat' dir='ltr'>summarum</span> <span class='ocrx_word' id='word_1_360' title='bbox 1384 5140 1447 5201; x_wconf 90' lang='lat' dir='ltr'>in</span> <span class='ocrx_word' id='word_1_361' title='bbox 1496 5138 1711 5215; x_wconf 81' lang='lat' dir='ltr'>parato</span> <span class='ocrx_word' id='word_1_362' title='bbox 1776 5136 1921 5219; x_wconf 90' lang='lat' dir='ltr'>post</span> <span class='ocrx_word' id='word_1_363' title='bbox 1984 5136 2257 5201; x_wconf 76' lang='lat' dir='ltr'>rationes</span> <span class='ocrx_word' id='word_1_364' title='bbox 2322 5135 2715 5207; x_wconf 85' lang='lat' dir='ltr'>restanlium,</span> <span class='ocrx_word' id='word_1_365' title='bbox 2787 5134 3162 5216; x_wconf 85' lang='lat' dir='ltr'>procedatur</span> <span class='ocrx_word' id='word_1_366' title='bbox 3223 5132 3323 5197; x_wconf 90' lang='lat' dir='ltr'>vel</span> <span class='ocrx_word' id='word_1_367' title='bbox 3388 5132 3466 5197; x_wconf 90' lang='lat' dir='ltr'>ad</span> <span class='ocrx_word' id='word_1_368' title='bbox 3531 5149 3848 5197; x_wconf 84' lang='lat' dir='ltr'>novorum</span> 
     </span>
     <span class='ocr_line' id='line_1_40' title="bbox 940 5238 3324 5321; baseline -0.001 -18"><span class='ocrx_word' id='word_1_369' title='bbox 940 5239 1415 5305; x_wconf 81' lang='lat' dir='ltr'>Procuratorum</span> <span class='ocrx_word' id='word_1_370' title='bbox 1464 5240 1853 5319; x_wconf 76' lang='lat' dir='ltr'>electionem,</span> <span class='ocrx_word' id='word_1_371' title='bbox 1899 5240 2001 5303; x_wconf 93' lang='lat' dir='ltr'>vel</span> <span class='ocrx_word' id='word_1_372' title='bbox 2046 5238 2387 5303; x_wconf 91' lang='lat' dir='ltr'>eorundem</span> <span class='ocrx_word' id='word_1_373' title='bbox 2435 5239 2500 5301; x_wconf 90' lang='lat' dir='ltr'>in</span> <span class='ocrx_word' id='word_1_374' title='bbox 2547 5238 2748 5303; x_wconf 86' lang='lat' dir='ltr'>officio</span> <span class='ocrx_word' id='word_1_375' title='bbox 2797 5238 3324 5321; x_wconf 87' lang='lat' dir='ltr'>prorogationem.</span> 
     </span>
    </p>
   </div>
  </div>
 </body>
</html>
