4055 6364
2100 743 2459 824 —206
2570 789 2669 804 -·

2188 1005 2552 1108 CCLVI.

925 1215 1449 1299 Praesidentia
1500 1215 1854 1298 continua
1908 1199 2328 1298 cracoviae
2367 1214 2908 1317 dispensantur
2957 1216 3355 1298 Admodum
3416 1219 3823 1302 Reverendi

920 1335 1646 1437 viceprocuratores
1685 1357 1779 1418 ex
1821 1337 2120 1437 motivo,
2178 1339 2263 1417 ut
2318 1337 2383 1417 in
2432 1339 2621 1420 iocis
2677 1337 3292 1422 residentiaiibus
3348 1342 3819 1438 conveniant,

921 1461 1008 1540 ut
1060 1458 1155 1540 ab
1221 1459 1504 1541 eisdem
1561 1459 1920 1560 repetant
1975 1460 2059 1540 et
2113 1459 2415 1560 exigant
2482 1459 2811 1542 ceterius
2875 1462 2959 1542 et
3014 1459 3473 1544 commodius
3546 1480 3823 1545 census

920 1600 1060 1665 seu
1125 1581 1594 1682 provisiones
1661 1579 2041 1662 annuatim
2115 1581 2669 1682 provenientes.
2774 1582 2903 1664 Die
2976 1581 3291 1665 Veneris
3364 1584 3416 1664 9
3472 1582 3819 1666 octobris

2206 1701 2412 1784 Anno
2468 1703 2645 1785 1716.

1125 1912 1430 1989 Constat
1502 1913 1684 1989 satis
1737 1938 1828 1988 ex
1882 1913 2358 1988 calculatione
2413 1937 2459 1987 a
2512 1914 3058 1992 Perillustribus
3129 1926 3201 1992 et
3270 1915 3817 1992 Revereudissi·

917 2036 1054 2110 mis
1123 2035 1458 2111 Dominis
1526 2035 1618 2110 ad
1672 2035 1748 2111 id
1804 2033 2166 2133 deputatis
2217 2036 2290 2109 in
2350 2037 2712 2133 praesenti
2782 2039 3113 2131 generali
3148 2111 3151 2116 ,
3186 2038 3531 2137 Capitulo
3604 2060 3817 2136 expe-

916 2155 1103 2251 dita,
1160 2158 1351 2254 quod
1407 2181 1684 2234 summa
1739 2156 1918 2232 satis
1976 2156 2318 2231 notabilis
2376 2181 2467 2232 ex
2522 2158 2864 2233 censibus
2918 2166 2989 2232 et
3043 2161 3510 2256 proventibus
3566 2158 3816 2234 funda-

913 2279 1182 2354 tionum
1255 2279 1712 2377 provenienS,
1769 2304 1814 2354 a
1869 2277 2189 2354 Censitis
2244 2302 2384 2352 non
2444 2280 2773 2353 exsoluta
2826 2287 2896 2355 et
2950 2288 3227 2356 retenta
3280 2281 3411 2374 sit,
3468 2281 3541 2354 id
3600 2281 3807 2356 etiam

913 2424 1006 2474 ex
1058 2425 1186 2494 eo,
1262 2402 1450 2498 quod
1507 2402 1728 2476 multo
1783 2409 2104 2498 tempore
2156 2400 2488 2498 repetitio
2556 2401 2905 2476 eiusmodi
2977 2409 3413 2477 retentorum
3466 2402 3811 2476 intermit-

912 2531 1138 2598 tatur:
1212 2523 1377 2598 ideo
1432 2547 1573 2620 quo
1629 2523 1936 2598 celerius
2007 2530 2393 2620 repetatur,
2453 2531 2525 2598 et
2576 2521 2669 2596 ad
2726 2521 3215 2620 Capitularem
3286 2523 3613 2598 Massam
3684 2525 3815 2598 im-

913 2645 1184 2744 portari
1220 2645 1472 2742 possit,
1529 2643 1934 2721 Admodum
1992 2642 2423 2718 Reverendo
2472 2641 3105 2742 Viceprocuratori
3171 2645 3589 2742 specialiter
3624 2668 3811 2720 com-

911 2768 1120 2841 mend
1173 2776 1286 2843 tur
1357 2767 1708 2842 eiusmodi
1781 2766 2135 2864 repetiti0,
2212 2789 2370 2840 cum
2444 2765 2780 2840 facienda
2833 2767 2974 2841 sibi
3027 2767 3413 2842 sufficienti
3480 2791 3813 2865 compen-

911 2891 1230 2983 satione,
1289 2913 1380 2964 ex
1433 2889 1755 2986 qualibet
1823 2888 2183 2962 vindicata
2246 2897 2317 2962 et
2372 2895 2714 2985 percepta
2786 2895 2952 2962 actu
3024 2912 3301 2962 summa
3354 2913 3399 2963 a
3450 2889 3815 2964 Reveren-

911 3010 1211 3086 dissimo
1266 3010 1624 3108 Capitulo.
1721 3009 1900 3086 Cum
1958 3033 2132 3084 vero
2186 3009 2353 3083 talis
2408 3009 2739 3107 repetitio
2794 3009 2950 3083 fieri
3006 3034 3146 3085 non
3204 3011 3437 3108 possit
3505 3033 3809 3086 commo·

911 3131 1113 3228 dius,
1172 3155 1382 3230 quam
1439 3140 1514 3208 ut
1566 3133 1873 3230 ipsemet
1923 3133 1999 3206 in
2053 3155 2365 3230 persona
2420 3155 2553 3207 sua
2606 3131 2843 3207 dictos
2909 3131 3245 3209 Censitas
3300 3131 3517 3208 adeat
3567 3134 3639 3207 in
3694 3155 3809 3208 eo-

909 3279 1063 3329 rum
1136 3256 1322 3331 locis
1394 3256 2017 3349 residentialibus,
2077 3264 2147 3328 et
2200 3262 2369 3328 ante
2439 3256 2677 3329 omnia
2731 3255 3158 3348 viciniores,
3236 3256 3450 3330 etiam
3506 3255 3601 3330 ad
3658 3278 3809 3331 eum

906 3378 1119 3453 finem
1174 3403 1220 3452 a
1273 3378 1614 3452 continua
1669 3376 2070 3451 Cracoviae
2124 3376 2517 3451 residentia
2571 3376 3051 3473 dispensatur,
3116 3400 3275 3452 cum
3329 3377 3807 3453 Revsendis-

909 3499 1136 3575 simus
1187 3499 1548 3574 Dominus
1604 3498 2038 3573 Procurator
2090 3498 2249 3595 ipse
2304 3498 2701 3600 personalit
2746 3523 2784 3571 r
2836 3498 3171 3573 continuo
3226 3499 3579 3593 resideat,
3638 3499 3805 3573 resi-

911 3620 1079 3695 dere
1146 3621 1495 3713 intendit,
1553 3629 1626 3695 et
1677 3644 2147 3718 quaecunque
2200 3621 2613 3695 necessaria
2667 3628 2739 3695 et
2791 3629 3145 3717 oportuna
3186 3621 3491 3715 fuerint,
3565 3622 3809 3696 favore

907 3742 1356 3837 negotiorum
1409 3741 2026 3817 Reverendissimi
2082 3741 2400 3839 Capituli
2453 3740 2877 3840 adimplebit
2928 3748 3001 3816 et
3054 3749 3467 3838 exequetur.

2172 4054 2576 4154 CCLVll.

906 4261 1019 4342 Ad
1078 4261 1664 4344 communitates
1740 4262 2137 4344 Ecclesiae
2213 4260 2692 4343 cathedralis
2766 4261 3295 4345 cracoviensis
3370 4261 3805 4363 Presbyteri

904 4382 998 4464 de
1053 4384 1211 4465 vita
1267 4383 1350 4463 et
1389 4383 1717 4467 moribus
1756 4382 1947 4466 bene
1987 4383 2523 4481 commendati,
2583 4383 2913 4465 seclusis
2971 4382 3456 4485 respectibus
3512 4382 3802 4484 quibus-

1197 4505 1336 4597 vis,
1396 4504 1915 4586 admittantur.
1974 4506 2102 4585 Die
2158 4505 2472 4589 Veneris
2528 4506 2581 4588 3
2636 4505 3017 4589 Februarii
3074 4507 3282 4588 Anno
3338 4506 3511 4587 1719.

1111 4712 1679 4790 Considerantes
1734 4716 2202 4791 Perillustres
2258 4727 2329 4790 et
2375 4716 2990 4791 Reverendissimi
3044 4716 3339 4790 Domini
3394 4714 3800 4812 Capitulum

900 4859 1174 4912 morum
1231 4836 1710 4934 corruptelam
1785 4838 2279 4912 nonnullorum
2355 4838 2952 4935 Presbyterorum
3007 4837 3080 4911 in
3138 4836 3472 4912 domibus
3523 4836 3795 4932 aliquot

899 4956 1522 5053 Commuuitatum,
1579 4957 1772 5055 quod
1826 4958 1994 5033 inde
2050 4959 2309 5053 evenit,
2374 4958 2542 5055 quia
2597 4982 2949 5055 personas
3003 4960 3095 5033 de
3150 4959 3297 5033 vita
3351 4966 3423 5032 et
3476 4958 3798 5032 moribus

897 5104 1037 5157 non
1096 5080 1632 5155 commendatas
1684 5103 1918 5176 neque
1971 5082 2316 5176 probatas
2371 5081 2460 5155 de
2514 5079 2715 5154 facili
2776 5082 3213 5178 suscipiant,
3272 5090 3344 5154 et
3396 5081 3460 5154 si
3514 5079 3795 5174 aliquae

897 5200 1552 5278 commendationes
1619 5201 2104 5296 intercedant,
2172 5226 2263 5277 ex
2316 5204 2532 5277 meris
2598 5204 3049 5300 respectibus
3118 5204 3331 5298 fiant3
3420 5201 3515 5275 ad
3569 5202 3793 5275 corri-

895 5324 1204 5418 gendum
1261 5324 1502 5420 itaque
1559 5324 1821 5398 similia
1875 5332 2263 5418 attentata,
2334 5332 2731 5399 statuerunt
2785 5324 3253 5399 Pei-illustres
3306 5331 3378 5396 et
3428 5320 3792 5395 Reveren-
