4055 6364
2080 764 2647 844 —116-

905 985 1233 1056 monetae
1287 974 1718 1074 poloniealis
1773 972 2110 1073 poenam*
2130 976 2321 1051 hanc
2359 976 2894 1071 moderandam,
2952 954 3529 1075 restringendam
3564 1004 3657 1055 ac
3690 1004 3813 1056 re·

904 1098 1291 1197 digendam
1339 1096 1834 1191 decreverunt,
1889 1107 2105 1196 prout
2138 1097 2619 1193 moderamnt,
2675 1101 3199 1176 restrinxerunt
3242 1125 3331 1177 ac
3366 1101 3814 1197 redigerunt,

902 1224 1006 1300 ita
1059 1220 1252 1321 quod
1305 1218 1716 1297 huiusmodi
1784 1219 2041 1295 Marca
2104 1222 2456 1319 pecuniae
2510 1220 2881 1299 Canonico
2953 1221 3429 1299 Cracoviensi
3498 1224 3822 1321 quinque

903 1346 1178 1422 Missas
1232 1339 1325 1417 ad
1380 1340 1633 1417 Altare
1686 1343 1921 1419 maius
1973 1366 2107 1441 pro
2162 1342 2536 1419 Canonico
2590 1345 2891 1420 absente
2944 1344 3399 1443 adimplenti,
3456 1369 3599 1421 una
3652 1369 3823 1421 cum

906 1468 1053 1543 alia
1103 1468 1358 1542 Marca
1425 1464 1808 1563 capitulari
1874 1462 2089 1567 (quae
2144 1466 2358 1541 etiam
2420 1465 2675 1563 vigore
2728 1468 3135 1566 praesentis
3190 1464 3451 1543 Statuti
3502 1468 3822 1565 singulis

907 1588 1334 1688 septimanis
1404 1594 1551 1662 tam
1602 1588 1676 1663 in
1733 1587 2119 1665 ordinariis
2193 1612 2405 1686 quam
2460 1590 2674 1665 etiam
2730 1589 3321 1665 extraordinariis
3390 1589 3621 1665 turnis
3672 1588 3821 1664 Ca-

901 1714 1168 1789 nonico
1241 1711 1640 1787 celebranti
1711 1710 1868 1787 dari
1927 1720 2001 1788 et
2053 1712 2413 1789 numerari
2484 1710 2805 1813 debebit)
2878 1736 3011 1811 per
3061 1711 3619 1791 Procuratorem
3686 1734 3820 1807 ge-

904 1834 1224 1911 neralem
1277 1832 1598 1932 Capituli
1650 1835 2140 1911 numerabitur
2188 1835 2263 1910 in
2318 1836 2599 1911 effectu.
2654 1834 2743 1908 In
2796 1841 3157 1933 potestate
3208 1843 3449 1909 tamen
3501 1843 3574 1908 et
3632 1834 3819 1908 libe·

879 1980 988 2055 ·ro
1040 1956 1341 2033 arbitrio
1395 1955 1533 2031 erit
1585 1953 1940 2033 Canonici
1991 1958 2267 2037 Missas
2302 1955 2714 2033 huiusmodi
2748 1940 3208 2051 celebrantia,
3264 1956 3589 2031 Marcam
3625 1955 3823 2030 hanc

905 2081 998 2155 ab
1051 2080 1352 2154 absente
1423 2078 1684 2154 Fratre
1754 2102 1888 2179 pro
1942 2081 2299 2175 neglectis
2370 2079 2527 2155 sive
2596 2103 2740 2155 non
2794 2080 3106 2179 expletis
3177 2080 3490 2178 quinque
3560 2076 3822 2153 Missis

903 2224 1036 2301 per
1087 2198 1639 2276 Procuratorem
1694 2200 2014 2300 Capituli
2086 2203 2548 2300 exigendam,
2616 2203 2693 2277 in
2745 2203 3068 2279 favorem
3142 2200 3465 2277 eiusdem
3532 2198 3821 2275 Fratris

904 2324 1228 2399 absentis
1282 2322 1658 2399 dimittere.
1715 2324 1802 2398 In
1856 2324 2158 2422 reliquis
2210 2325 2379 2400 aliis
2431 2326 2880 2423 praedictam
2936 2322 3495 2400 declarationem
3544 2330 3619 2397 et
3654 2319 3818 2397 Sta·

903 2454 1056 2522 tuta
1111 2444 1408 2541 antiqua
1458 2445 1532 2519 in
1587 2446 1729 2521 hoc
1780 2470 2055 2543 genere
2109 2447 2590 2545 promulgata,
2644 2470 2735 2523 ac
2785 2446 3195 2522 laudabiles
3258 2444 3820 2521 consuetudines

903 2567 1117 2644 huius
1191 2566 1574 2642 Ecclesiae
1647 2568 1854 2643 salva
1921 2578 1993 2645 et
2044 2570 2317 2645 intacta
2390 2570 2679 2645 omnino
2748 2568 2967 2644 iidem
3038 2569 3450 2643 Reverendi
3522 2565 3819 2641 Domini

906 2689 1368 2789 Capitulares
1419 2690 1884 2789 reliquerunt,
1940 2701 2528 2790 reservaverunt,
2582 2692 2999 2790 relinquunt
3052 2698 3125 2766 et
3175 2698 3553 2767 reservant
3606 2712 3816 2787 prae·

907 2813 1262 2889 sentibus.

2134 3022 2587 3124 CXXXII.

911 3232 1018 3313 De
1071 3229 1569 3314 seminatione
1623 3250 1970 3334 aurorum
2041 3231 2525 3336 relinquenda
2589 3234 2932 3336 tempore
2999 3231 3541 3315 vacantiarum.
3606 3229 3815 3312 Anno

1537 3353 1810 3438 Domini
1867 3355 2073 3438 1579.
2131 3354 2260 3438 Die
2314 3355 2632 3438 Veneris
2690 3355 2766 3436 16
2824 3353 3197 3439 octobris.

1117 3550 1238 3625 De
1289 3549 1761 3627 seminatione
1812 3550 2228 3626 hiemalium
2272 3551 2350 3625 iu
2385 3549 2607 3626 Villis
2660 3548 3371 3648 praestimonialibus
3420 3546 3563 3622 hoc
3599 3571 3811 3644 anno,

911 3671 984 3748 in
1040 3695 1182 3770 quo
1247 3673 1463 3748 nimis
1535 3697 1700 3750 sera
1771 3682 1844 3750 et
1912 3674 2423 3772 intempestiva
2494 3673 2873 3749 seminatio
2946 3696 3108 3747 cum
3178 3678 3473 3770 propter
3542 3669 3815 3745 imbres

913 3797 1314 3886 continuos,
1367 3803 1514 3873 tum
1565 3805 1860 3896 propter
1911 3797 2191 3874 tardam
2244 3797 2585 3872 messium
2640 3797 3142 3871 collectionem
3198 3792 3521 3888 contigit,
3574 3791 3814 3868 Reve-

910 3916 1119 3993 rendi
1170 3919 1469 3994 Domini
1539 3917 1951 4017 Capitulum
2015 3919 2344 3995 volentes
2412 3919 2682 4018 aliquid
2752 3920 2931 3994 certi
2984 3918 3460 4010 constituere,
3537 3915 3813 3991 discor-

913 4039 1216 4137 diasque
1268 4040 1605 4115 Fratrum
1629 4098 1648 4136 ‚
1724 4065 1908 4139 quae
1973 4041 2065 4118 de
2116 4043 2317 4117 facili
2370 4042 2889 4118 interveniente
2942 4041 3249 4116 alicuius
3319 4037 3817 4138 praestimonii

913 4162 1293 4237 vacatione
1346 4185 1488 4238 non
1542 4163 1757 4239 modo
1811 4171 2135 4262 tempore
2188 4164 2450 4240 messis
2502 4166 2813 4256 futurae,
2870 4165 3001 4239 sed
3056 4164 3271 4238 etiam
3322 4170 3646 4260 tempore
3700 4183 3813 4236 se-

913 4282 1350 4378 minationis,
1417 4284 1492 4359 in
1528 4285 1692 4360 istis
1728 4285 2241 4361 mutationibus
2278 4288 2949 4383 praestimoniorum
2987 4287 3253 4360 exoriri
3306 4284 3609 4383 possint,
3666 4308 3815 4358 am-

915 4412 1208 4503 putare,
1283 4403 1380 4480 ad
1450 4429 1609 4481 eum
1673 4406 1961 4483 modum
2038 4407 2517 4483 definiendum
2587 4417 2661 4485 et
2732 4407 3087 4485 Statutum
3162 4409 3476 4506 desuper
3545 4406 3813 4481 editum

916 4525 1430 4603 declarandum
1469 4537 1939 4627 putaverunt:
1995 4541 2075 4606 ut
2110 4531 2689 4630 quandoquidem
2741 4533 2836 4607 ad
2871 4532 3059 4606 hanc
3098 4529 3290 4607 diem
3344 4531 3467 4604 vix
3522 4528 3816 4605 dimidia

917 4673 1090 4749 pars
1144 4650 1692 4726 seminationum
1745 4653 1822 4726 in
1875 4654 2448 4750 praestimoniis,
2502 4654 2579 4730 in
2634 4656 2895 4752 quibus
2964 4654 3396 4730 mutationes
3463 4653 3812 4728 Domino-

917 4795 1074 4848 rum
1141 4771 1574 4868 Regentium
1629 4775 1866 4850 factae
1921 4784 2129 4867 sunt,
2203 4778 2537 4854 absoluta
2591 4778 2723 4872 sit,
2798 4777 3093 4851 Domini
3164 4777 3446 4851 noviter
3514 4773 3811 4872 provisi,

920 4894 1224 4992 quisque
1259 4894 1335 4968 in
1372 4919 1505 4972 suo
1557 4895 1858 4994 praedio
1912 4899 2207 4974 adnotet
2242 4908 2315 4976 et
2350 4901 2687 4976 observet
2739 4881 3202 4997 quantitatem
3248 4898 3461 4994 grani
3496 4905 3569 4972 et
3598 4919 3813 4992 agro·

918 5041 1074 5092 rum
1127 5041 1260 5116 per
1315 5025 1852 5096 antecessorem
1907 5044 2136 5116 suum,
2194 5023 2351 5097 sive
2402 5023 2646 5097 vivum
2700 5021 2856 5096 sive
2912 5021 3345 5115 defunctum,
3402 5018 3813 5094 seminatio-

921 5161 1084 5214 nem
1135 5141 1438 5235 factam,
1499 5149 1571 5216 et
1623 5140 1715 5217 de
1769 5143 1926 5218 eius
1979 5144 2467 5221 tantummodo
2520 5143 2903 5220 medietate
2956 5152 3278 5242 tempore
3330 5142 3594 5218 messis
3647 5163 3815 5239 pro·

920 5261 1158 5337 ximae
1211 5263 1444 5340 eidem
1516 5265 1956 5363 respondere
2029 5268 2258 5342 teneri
2328 5266 2609 5342 debeat.
2698 5268 2818 5341 De
2869 5267 3182 5342 residuis
3252 5287 3428 5340 vero
3490 5264 3691 5359 agris
3743 5271 3817 5337 et

923 5386 1238 5485 campis,
1313 5410 1495 5484 quos
1547 5389 1837 5487 ipsimet
1889 5391 2181 5466 Domini
2252 5390 2622 5486 Regentes
2694 5387 2861 5492 (etsi
2916 5391 3199 5487 quidem
3250 5410 3482 5484 grano
3536 5387 3631 5463 ab
3685 5410 3814 5461 an-
