4055 6364
1405 766 1488 776 —-
1606 722 1962 798 207—

225 931 506 1006 dissimi
576 931 869 1006 Domini
915 929 1367 1027 Capitulum:
1426 955 1516 1006 ne
1572 931 1917 1030 deinceps
1971 931 2065 1008 ad
2120 934 2473 1009 eiusmodi
2530 933 3131 1011 Communitatum

223 1052 502 1147 domos,
557 1053 700 1129 nisi
752 1054 935 1127 bene
989 1075 1077 1126 ac
1131 1050 1288 1126 sine
1343 1074 1770 1149 quocunque
1824 1055 2106 1150 privato
2160 1063 2515 1154 respectu,
2575 1064 2719 1131 tam
2776 1081 2907 1154 per
2960 1056 3131 1132 Per-

222 1174 544 1250 illustres
599 1183 672 1250 et
723 1173 1400 1248 Reverendissimos
1472 1175 1828 1250 Dominos
1902 1185 2389 1273 protectores,
2466 1202 2676 1274 quam
2732 1203 2863 1277 per
2914 1179 3131 1254 Pres-

221 1298 523 1396 byteros
593 1320 881 1372 suarum
941 1294 1585 1389 Communitatum,
1663 1296 1752 1369 de
1826 1299 2183 1392 probitate
2235 1299 2419 1373 vitae
2484 1308 2556 1374 et
2608 1323 2883 1376 morum
2953 1300 3130 1376 inte·

219 1420 486 1514 gritate
539 1443 628 1493 ac
683 1417 1110 1493 sufficientia
1188 1417 1533 1492 scientiae
1588 1420 2127 1494 commendatae
2201 1422 2689 1520 suscipiantur
2750 1445 3128 1519 personae,

221 1563 312 1614 eo
383 1541 597 1615 etiam
673 1540 977 1633 adiecto,
1054 1548 1131 1614 ιιι
1202 1541 1310 1613 sie
1373 1539 1815 1637 suscipiendi
1888 1544 2281 1638 probentur
2352 1545 2581 1641 primo
2651 1544 2726 1617 in
2800 1542 3131 1619 domibus

220 1660 576 1737 eiusmodi
630 1661 1232 1737 communitatum
1289 1685 1421 1758 per
1473 1669 1778 1757 quatuor
1833 1663 1924 1735 ad
1975 1664 2346 1739 minimum
2405 1688 2714 1758 menses,
2772 1687 3130 1761 suspenso

219 1792 385 1858 actu
438 1783 758 1881 ipsorum
813 1784 1306 1876 institutionis,
1365 1805 1549 1880 quae
1603 1783 1761 1856 fieri
1804 1782 2097 1859 debebit
2152 1787 2445 1883 praevio
2502 1787 2830 1861 examine
2887 1809 3126 1862 coram

219 1904 679 1980 dioecesanis
749 1905 1384 1980 Examinatoribus
1466 1904 1844 2001 expedito,
1936 1916 2011 1982 et
2080 1907 2489 1983 testimonio
2580 1906 2967 1984 eorundem
3038 1907 3128 1984 de

219 2027 567 2102 scientiae
624 2027 1057 2102 sufficientia
1110 2027 1518 2102 iustificate.

1420 2338 1871 2438 CCLan.

217 2544 591 2627 Absentia
662 2565 712 2626 a
783 2545 1052 2646 vigiliis
1127 2544 1688 2628 conclusionum
1766 2546 2108 2646 privatur
2176 2545 2726 2630 refectionibus
2802 2550 2886 2628 et
2958 2549 3125 2631 aliis

215 2667 906 2764 consolationibus,
963 2667 1031 2750 si
1086 2686 1281 2768 quas
1345 2665 1630 2748 fuerint
1692 2668 1885 2748 iliius
1951 2666 2116 2747 diei.
2187 2667 2394 2749 Anno
2454 2668 2666 2749 1720.
2740 2669 2985 2750 Lunae
3042 2670 3127 2752 14

406 2789 778 2886 octobris,
838 2788 1328 2872 illustrissimi
1385 2787 1856 2872 constantini
1911 2787 2379 2871 Szaniawski
2436 2791 2915 2891 Episcopatu.

427 2996 541 3071 Ad
617 2997 934 3091 Vigilias
1007 2997 1568 3072 conclusionum
1646 3021 1775 3094 pro
1848 2997 2335 3074 succurrendo
2408 2999 2805 3077 animarum
2882 3001 3122 3098 piissi-

85 3169 93 3176 -
213 3145 490 3197 morum
563 3121 634 3195 in
690 3122 828 3196 hac
884 3120 1302 3195 Cathedrali
1373 3121 1712 3195 Ecclesia
1780 3119 2313 3212 Fundatorum,
2390 3122 2528 3196 etsi
2599 3122 2885 3197 soleant
2954 3148 3121 3199 con·

211 3245 464 3321 venire
534 3243 1002 3318 Perillustres
1077 3252 1152 3317 et
1217 3242 1832 3317 Reverendissimi
1905 3242 2202 3317 Domini
2270 3243 2593 3318 Praelati
2647 3253 2721 3320 et
2774 3243 3123 3321 Canonici

211 3389 352 3440 non
413 3373 651 3439 tamen
708 3388 995 3462 omnes3
1050 3365 1218 3440 ideo
1265 3373 1344 3439 ut
1380 3364 1548 3438 talis
1603 3363 1880 3439 Cursus
1935 3364 2063 3438 fiat
2116 3366 2501 3459 efficacior,
2561 3374 3123 3465 praesentesque

210 3486 616 3563 Cracoviae
679 3488 1138 3562 l'erillustres
1193 3496 1266 3561 et
1320 3486 1936 3560 Reverendissimi
2011 3487 2306 3561 Domini
2361 3511 2612 3562 omnes
2668 3490 3119 3583 conveniant,

210 3633 565 3706 praesens
635 3611 978 3704 generale
1052 3608 1458 3706 Capitulum
1539 3608 1932 3705 disposuit:
2027 3610 2217 3703 quod
2285 3612 2687 3707 quicunque
2758 3632 2849 3683 ex
2917 3634 3119 3706 prae·

209 3732 541 3806 sentibus
595 3731 994 3807 Cracoviae
1048 3733 1317 3806 absens
1369 3730 1584 3804 fuerit
1635 3753 1678 3801 a
1736 3729 2126 3826 praedietis
2182 3731 2742 3807 Conclusionum
2798 3728 3117 3823 Vigiliis,

209 3855 539 3950 privetur
611 3854 1122 3928 refectionibus
1191 3853 1390 3927 illius
1455 3851 1636 3947 diei,
1693 3877 1780 3925 ac
1837 3852 2089 3944 etiam,
2166 3854 2230 3926 si
2284 3876 2468 3949 quae
2522 3852 2807 3940 fuerint,
2863 3872 3117 3925 conso-

209 3976 630 4051 lationibus.
751 3975 1170 4071 Eademque
1242 3974 1360 4047 die
1443 3982 1519 4047 ιιι
1571 3983 1736 4047 ante
1812 3973 2341 4069 privilegiatum
2415 3974 2667 4047 Altare
2747 3971 3120 4045 Passionis

209 4096 488 4173 Christi
543 4099 835 4171 Domini
870 4096 939 4170 in
981 4120 1114 4173 sua
1167 4080 1585 4170 Catbed'rali
1641 4094 1978 4168 Ecclesia
2034 4096 2487 4170 celebrentur
2540 4094 2814 4167 Missae
2868 4091 3117 4169 decem

207 4219 299 4294 de
353 4218 750 4317 Requiem,
827 4228 937 4293 ter
1005 4219 1078 4291 in
1147 4241 1358 4309 anno,
1421 4214 1761 4289 videlicet
1831 4215 2143 4309 singulis
2196 4216 2665 4311 generalibus
2739 4212 3109 4311 Capitulis

209 4366 342 4440 pro
401 4342 595 4417 dicto
651 4342 1007 4439 spirituali
1070 4340 1464 4414 animarum
1531 4336 1892 4429 subsidi0,
1968 4360 2059 4410 ex
2112 4336 2364 4412 Massa
2418 4336 2818 4435 Capitulari
2870 4345 3115 4433 quate·

209 4488 346 4541 nus
405 4462 1087 4562 Vieeproruratoria
1161 4461 1410 4534 decem
1481 4458 1798 4532 florenos
1870 4458 2179 4552 singulis
2234 4458 2590 4556 Capitulis
2652 4457 3120 4553 generalibus

211 4596 542 4663 numeret
593 4596 666 4661 et
701 4585 795 4660 ad
850 4584 1265 4659 Sacristiam
1320 4582 1395 4656 iu
1452 4604 1706 4654 manus
1751 4579 1839 4652 ad
1883 4603 2065 4675 quos
2120 4580 2462 4677 pertinet,
2521 4589 2861 4677 reponat,
2922 4602 3115 4653 man-

209 4709 430 4801 davit,
485 4709 1016 4803 Decretumque
1074 4729 1275 4780 suum
1333 4726 1684 4801 praesens
1731 4702 1870 4775 vim
1929 4726 2017 4775 ac
2072 4704 2293 4776 robur
2347 4700 2607 4775 statuti
2664 4703 2935 4775 habere
2990 4722 3115 4773 vo·

208 4830 364 4923 luit,
423 4831 956 4926 constituitque.
