4055 6364
1402 750 1928 829 -67-

225 962 286 1035 in
331 961 626 1037 abusum
699 962 942 1057 abire,
1015 987 1104 1038 ac
1166 964 1238 1038 in
1292 964 1643 1039 iacturam
1713 963 2099 1039 Ecclesiae
2168 970 2463 1039 nostrae
2534 986 2677 1039 non
2752 966 3110 1043 modicam

223 1108 524 1179 vergere,
579 1086 770 1159 inter
821 1108 1006 1182 quas
1056 1085 1185 1160 illa
1240 1084 1330 1159 de
1369 1086 1701 1163 domibus
1754 1085 2139 1163 Ecclesiae
2187 1094 2259 1163 et
2296 1085 2615 1185 Capituli
2670 1086 3108 1164 Cracovien-

221 1206 312 1282 sis
355 1207 624 1281 nemini
677 1214 882 1282 extra
936 1205 1347 1305 Capitulum
1403 1217 1726 1285 nostrum
1778 1211 2205 1307 praefatum,
2262 1232 2397 1284 nec
2435 1208 2528 1282 ad
2564 1212 2787 1285 vitam
2824 1210 3107 1307 dandis,

219 1328 748 1403 inviolatissima
803 1336 876 1404 et
928 1331 1476 1427 pernecessaria
1514 1330 1984 1427 dignoscitur,
2054 1331 2171 1405 cui
2224 1330 2359 1405 sub
2414 1354 2549 1429 spe
2601 1332 2821 1408 futuri
2874 1334 3107 1409 eccle-

219 1452 475 1526 siastici
541 1452 902 1525 commodi
971 1452 1242 1526 nostris
1311 1454 1757 1549 temporibus
1831 1459 2371 1528 contraventum
2388 1510 2407 1547 ,
2480 1462 2553 1528 et
2620 1453 2790 1529 inde
2862 1456 3106 1530 statim

219 1574 642 1650 nocumentis
694 1574 862 1671 plus
915 1574 1098 1649 satis
1148 1574 1533 1649 Ecclesiae
1588 1583 1660 1649 et
1714 1575 1948 1649 eidem
2003 1573 2343 1673 Capitulo
2390 1582 2640 1651 nostro
2695 1577 3103 1673 advenisse,

219 1697 412 1771 claris
461 1696 753 1771 indiciis
814 1705 1190 1793 expertum
1254 1704 1388 1771 est.
1459 1696 1924 1797 Quapropter
1978 1696 2334 1792 videntes,
2402 1698 2593 1795 quod
2648 1699 3106 1777 rationabilis

220 1819 738 1895 consuetudinis
800 1819 1139 1913 mutatio,
1207 1820 1416 1894 etiam
1484 1843 1628 1915 qua
1689 1820 1996 1895 utilitate
2066 1820 2400 1915 adiuvat,
2473 1820 2793 1896 novitate
2861 1829 3099 1899 tamen

66 1958 68 1961 ’
215 1943 600 2040 perturbat,
677 1950 750 2017 et
817 1949 1017 2018 tanto
1087 1944 1324 2038 mag-is
1396 1967 1581 2040 quae
1652 1943 1852 2018 utilis
1915 1965 2057 2018 non
2114 1950 2255 2031 est,
2333 1942 2494 2017 sola
2566 1945 3103 2041 perturbatione

213 2066 634 2145 infructuosa
688 2072 1215 2162 consequenter
1267 2066 1485 2141 noxia
1539 2073 1672 2160 est,
1731 2066 1820 2141 de
1875 2065 2184 2141 consilio
2236 2073 2309 2140 et
2352 2088 2713 2141 consensu
2766 2067 3104 2143 uniformi

215 2186 735 2263 venerabilium
813 2188 1289 2264 Dominorum
1369 2187 1865 2265 Praelatorum
1948 2195 2022 2263 et
2093 2186 2657 2285 Canonicorum,
2739 2191 3101 2288 totiusque

215 2307 511 2407 Capituli
562 2311 794 2384 nostri
869 2309 1420 2405 Cracoviensis,
1494 2318 1572 2384 ut
1623 2310 1852 2386 illatis
1921 2310 2435 2385 ambitionibus
2497 2310 2619 2385 via
2672 2311 3098 2407 praecluda-

213 2440 332 2525 tur,
399 2433 874 2530 praefataque
929 2432 1376 2508 consuetudo
1432 2433 1933 2531 antiquissima
1987 2432 2335 2530 deinceps
2388 2439 2738 2530 perpetuo
2795 2434 3099 2509 inviola-

64 2546 66 2555 ’
213 2553 428 2629 biliter
501 2562 830 2630 teneatur
901 2562 974 2631 et
1044 2556 1487 2646 observetur,
1573 2557 1952 2631 statuimus
2023 2563 2096 2629 et
2166 2554 2661 2631 decernimus:
2748 2563 3099 2653 quatenus

209 2674 442 2751 domus
513 2677 758 2773 aliqua
831 2677 1276 2753 canonicalis
1347 2685 1424 2752 et
1489 2679 1692 2752 cuius
1757 2677 2139 2776 dispositio
2210 2677 2566 2775 pertineat
2634 2677 2728 2751 ad
2800 2676 3095 2776 Capitu-

62 2790 64 2851 ἶ
208 2799 335 2873 lum
411 2798 941 2894 Cracoviense,
1037 2801 1382 2899 deinceps
1460 2801 1641 2875 nulli
1707 2809 2095 2895 extraneo,
2176 2799 2318 2875 hoe
2400 2807 2514 2875 est
2594 2799 3096 2876 Praelaturam

62 2998 64 3001 ,
209 2922 310 2997 vel
370 2920 870 2997 Praebendam
923 2923 997 2995 in
1051 2925 1216 3021 ipsa
1284 2922 1626 2998 Ecclesia
1697 2930 1945 2997 nostra
2017 2920 2440 2997 Cathedrali
2508 2944 2653 2997 uon
2722 2922 3093 3017 obtinenti,

62 3026 65 3081 4
209 3066 607 3141 quacunque
665 3044 1014 3137 dignitate
1067 3046 1395 3141 fulgenti,
1450 3070 1588 3121 nec
1641 3046 1853 3121 etiam
1909 3044 2241 3142 cuiquam
2297 3045 2509 3119 alteri
2542 3044 2637 3118 ad
2674 3045 2893 3119 vitam
2932 3069 3093 3121 cum

60 3174 63 3272 ᾖ
207 3166 352 3242 hae·
393 3165 846 3262 conditione,
901 3174 980 3244 ut
1031 3167 1372 3242 videlicet
1424 3191 1556 3267 per
1608 3168 2129 3267 promotionem
2202 3173 2325 3242 aut
2378 3167 2944 3266 assumptionem
2999 3168 3093 3244 ad

206 3290 494 3386 aliquem
546 3289 1073 3388 Episcopatum
1125 3290 1256 3370 illa
1308 3291 1580 3388 privari
1634 3313 1778 3366 non
1833 3289 2134 3385 debeat,
2208 3291 2329 3364 vel
2382 3313 2525 3366 non
2582 3291 2855 3389 possit,
2932 3290 3092 3366 dari

60 3459 62 3508 ;
205 3421 312 3487 aut
359 3411 658 3488 concedi
711 3412 972 3487 debeat
1023 3412 1143 3486 vel
1201 3414 1472 3511 possit,
1529 3415 1664 3488 sub
1719 3435 1954 3512 poena
2008 3411 2810 3508 excommunicationis,
2877 3436 3091 3510 quam

60 3515 63 3592 ἕ
205 3535 512 3630 singulae
583 3557 940 3633 personae
1012 3535 1187 3610 dicti
1239 3535 1560 3633 Capituli
1613 3536 1841 3610 nostri
1896 3542 2147 3610 contra
2216 3541 2673 3632 praesentem
2744 3536 3088 3611 constitu-

60 3639 62 3654 !
203 3657 446 3733 tionem
501 3657 1038 3733 eonsentientes
1075 3681 1157 3732 se
1196 3658 1530 3732 noverint
1581 3657 1948 3733 incurrere
1983 3659 2148 3756 ipso
2186 3658 2404 3733 facto.
2461 3655 2817 3733 Volumus
2854 3665 3091 3732 autem

60 3783 62 3854 ἶ
203 3788 264 3854 et
308 3780 800 3876 decernimus,
871 3787 952 3856 ut
1010 3803 1146 3877 pro
1199 3779 1500 3854 firmiori
1563 3779 1968 3878 praesentis
2041 3781 2271 3855 nostri
2340 3777 2603 3855 Statuti
2679 3780 2965 3854 cautela
3017 3787 3091 3854 et

60 3897 62 3902 ’
201 3903 479 3998 robore,
535 3926 788 3979 omnes
843 3910 914 3978 et
964 3902 1236 3997 singuli
1287 3901 1612 3977 Praelati
1665 3909 1738 3976 et
1790 3900 2145 3977 Canonici
2199 3899 2519 4000 Capituli
2574 3899 3087 3976 Cracoviensis

202 4027 554 4124 corporale
609 4033 981 4125 praestent
1030 4026 1526 4118 iuramentum,
1581 4024 1722 4098 hoc
1755 4025 1993 4122 ipsum
2030 4047 2381 4123 praesens
2427 4021 2780 4098 Statutum
2819 4022 3087 4099 dudum

198 4157 390 4224 antea
443 4149 734 4246 quidem
786 4157 1098 4243 tentum,
1155 4171 1344 4224 nune
1395 4149 1567 4222 item
1621 4155 2041 4223 renovatum
2094 4146 2613 4223 inviolabiliter
2666 4147 3080 4223 observare.

199 4269 392 4361 Quod
465 4272 753 4369 quidem
827 4269 1180 4347 Statutum
1251 4272 1813 4369 praeinsertum,
1869 4270 1962 4343 ad
2020 4277 2441 4368 perpetuam
2504 4269 2616 4344 rei
2666 4269 3083 4344 memoriam

60 4395 62 4502 ζ
199 4401 260 4467 et
303 4395 879 4488 observantiam,
951 4393 1118 4468 aliis
1173 4391 1555 4468 Ecclesiae
1609 4400 1682 4467 et
1733 4389 2055 4490 Capituli
2108 4392 2417 4489 praefati
2468 4391 2699 4466 nostri
2752 4388 3079 4486 Statutis,

199 4517 554 4592 observari
605 4524 680 4591 et
730 4516 954 4590 iurari
1007 4516 1267 4610 solitis,
1325 4515 1824 4610 adiungimus,
1883 4515 2332 4590 annectimus
2386 4521 2459 4588 et
2508 4514 3079 4612 incorporamus,

199 4635 772 4735 decernimusque
841 4637 896 4714 J
895 4647 1339 4715 uramentum
1411 4637 1504 4713 de
1573 4637 2051 4713 observandis
2122 4637 2505 4712 Ecclesiae
2586 4634 2891 4712 Statutis
2912 4694 2930 4731 ,
3003 4637 3081 4712 in

197 4761 704 4838 introductione
743 4783 1087 4836 novorum
1143 4761 1644 4837 Praelatorum
1680 4769 1753 4836 et
1787 4759 2319 4836 Canonicorum
2372 4760 2729 4858 praestari
2764 4760 3076 4855 solitum,

199 4881 276 4956 de
336 4885 478 4958 isto
553 4905 838 4980 quoque
910 4883 1177 4958 debere
1247 4883 1558 4978 intelligi
1633 4891 1976 4982 perpetuo
2048 4891 2121 4958 et
2187 4882 2263 4957 in
2316 4907 2601 4976 aevum,
2680 4884 2949 4958 Datum
3001 4885 3079 4959 in

194 5002 516 5104 Capitulo
551 5007 878 5102 generali
914 5029 1049 5102 pro
1084 5005 1311 5080 Festo
1365 5003 1613 5080 Sancti
1666 5004 2013 5080 Stanislai
2048 5007 2121 5080 in
2160 5005 2357 5080 Maio
2410 5007 2799 5081 celebrato.
2854 5005 3075 5081 Prae·-

197 5130 502 5203 sentibus
547 5127 660 5202 his
695 5126 1032 5202 Dominis
1083 5127 1442 5204 Praelatis
1479 5136 1551 5203 et
1586 5126 2016 5203 Canonicis:
2074 5128 2126 5204 J
2132 5151 2364 5204 oanne
2402 5125 2760 5204 Choinski
2812 5127 3073 5202 Archi-

196 5247 504 5344 diacono,
556 5249 608 5325 J
612 5272 845 5324 oanne
897 5239 1231 5325 Latalski
1283 5249 1734 5348 Praeposito,
1791 5251 2102 5326 Nicolao
2136 5250 2537 5326 Bedlenski
2595 5249 3070 5344 Scholastico,
3173 5331 3181 5340 ,

198 5369 551 5452 Bernardo
607 5372 1034 5480 Wapowski
1088 5371 1424 5470 Cantore,
1483 5373 1702 5449 Petro
1756 5373 2134 5452 Kouarski
2189 5372 2537 5469 Custode,
2588 5372 2643 5449 J
2644 5395 2873 5448 oanne
2926 5371 3069 5446 Bo·
