4055 6364
2066 743 2626 823 -128—

891 955 1010 1028 lus
1061 954 1463 1048 Dembski,
1538 962 1611 1029 et
1660 954 1787 1029 alii
1838 954 2087 1029 itidem
2141 955 2294 1031 fere
2349 978 2639 1046 omnes,
2715 954 3019 1051 quisque
3076 978 3170 1029 ex
3217 955 3384 1031 loco
3447 957 3564 1032 sui
3616 956 3826 1032 senii

892 1074 1161 1151 Villam
1224 1100 1721 1175 quamcunque
1776 1100 1869 1151 ex
1920 1098 2234 1152 ascensu
2285 1086 2700 1151 vacaturam
2755 1084 3218 1174 optaverunt,
3291 1078 3605 1174 illasque
3663 1078 3828 1153 sibi

896 1199 1208 1274 conferri
1263 1200 1643 1297 petierunt.
1702 1200 2119 1275 Reverendi
2152 1200 2394 1295 itaque
2447 1198 2747 1273 Domini
2800 1199 3166 1295 antiquam
3213 1201 3444 1275 secuti
3497 1223 3826 1276 consue-

895 1320 1233 1415 tudinem,
1291 1322 1695 1397 revisiones
1730 1321 2088 1397 Villarum
2143 1329 2644 1396 vacaturamm
2686 1320 3094 1396 faciendum
3143 1329 3216 1397 et
3252 1322 3824 1420 permittendum

898 1452 1351 1538 censuerunt,
1408 1452 1479 1518 et
1529 1444 1603 1519 in
1660 1453 1919 1520 octava
1973 1446 2048 1519 in
2085 1444 2387 1519 termino
2443 1442 2967 1519 distributionis
3021 1444 3340 1519 facturos
3363 1500 3370 1505 -
3395 1468 3476 1519 se
3529 1446 3823 1520 facien·

898 1563 1063 1639 dum
1120 1565 1552 1640 obtulerunt.

2162 1774 2551 1875 CXLVI.

902 1980 1163 2063 marca
1226 1980 1558 2063 missalia
1628 1980 1934 2065 infirmia
1991 1983 2076 2063 et
2128 1983 2342 2065 aenio
2408 1982 2789 2065 confectis
2853 1980 3238 2064 solvenda.
3301 1981 3512 2063 Anno
3585 1982 3820 2064 1583.

1404 2102 1531 2183 nie
1586 2100 1894 2184 Saturni
1952 2102 1973 2182 Ι
2031 2103 2378 2187 octobris
2434 2106 2501 2186 in
2559 2105 2899 2206 uenerati
2955 2103 3315 2205 capituto.

1109 2313 1541 2389 Reverendo
1580 2314 1890 2389 Domino
1930 2313 2240 2389 Nicolao
2279 2312 2632 2390 Oczieski
2684 2314 3054 2390 Canonico
3101 2313 3573 2391 Oracoviensi
3609 2316 3820 2390 Mar-

903 2460 1063 2511 cam
1135 2437 1500 2511 missalem
1556 2460 1601 2510 a
1654 2437 2056 2535 septimana
2129 2436 2329 2512 illius
2400 2460 2531 2535 per
2599 2437 2838 2535 ipsum
2893 2438 3220 2535 proxime
3273 2439 3346 2512 in
3401 2445 3610 2512 turno
3673 2461 3820 2514 suo

902 2559 1237 2634 absoluta
1291 2566 1363 2633 et
1413 2559 1763 2633 hactenus
1833 2582 1966 2656 per
2038 2559 2424 2633 Dominum
2501 2560 3052 2635 Procuratorem
3124 2560 3590 2657 capitularem
3665 2584 3818 2634 non

905 2681 1236 2773 solutam,
1296 2704 1382 2757 eo
1433 2681 1622 2779 quod
1664 2682 1980 2777 quintam
2037 2680 2337 2756 Missam
2379 2681 2497 2756 die
2534 2682 2919 2757 Dominico
2964 2682 3037 2756 in
3076 2683 3486 2780 praesentia
3539 2680 3820 2757 Sacrae

903 2804 1183 2899 Regiae
1237 2802 1647 2878 Maiestatis
1700 2827 1840 2878 non
1900 2827 2030 2901 per
2083 2826 2186 2897 se,
2245 2803 2377 2879 sed
2431 2829 2564 2902 per
2616 2803 3119 2879 Reverendum
3168 2804 3555 2878 Dominum
3617 2802 3820 2879 Pau·

905 2926 1050 3000 lum
1090 2924 1499 3021 Grosliczki,
1539 2926 1756 3023 idque
1792 2935 2087 3023 propter
2119 2927 2701 3024 impedimentum
2743 2926 3154 3021 senectutiS,
3205 2927 3622 3019 absolverit,
3661 2926 3820 3000 Re-

906 3049 1202 3122 verendi
1256 3048 1553 3123 Domini
1608 3048 2019 3147 Capitulum
2077 3049 2430 3125 habentes
2499 3049 2930 3145 condignum
2988 3056 3394 3146 respectum
3447 3050 3589 3122 iam
3645 3071 3822 3147 pro-

907 3180 1159 3246 vectae
1214 3171 1474 3246 aetatis
1527 3171 1724 3247 illius
1778 3180 1851 3247 et
1904 3171 2300 3248 debilitatis
2354 3171 2656 3270 pedum,
2723 3180 2870 3248 tum
2927 3170 3117 3268 quod
3172 3169 3248 3244 id
3303 3194 3444 3245 non
3501 3195 3634 3268 per
3683 3195 3820 3244 ne·

908 3293 1338 3389 gligentiam
1409 3295 1620 3384 fecit,
1698 3293 1827 3368 sed
1883 3295 2075 3391 quod
2131 3319 2211 3370 se
2265 3295 2820 3370 insufficientem
2875 3294 2967 3368 ad
3024 3294 3470 3368 ceremonias
3543 3291 3822 3367 Sacrae

909 3416 1195 3510 Regiae
1248 3415 1655 3490 Maiestatis
1709 3417 2156 3492 exhibendas
2213 3419 2529 3513 censuit,
2589 3415 3008 3492 solvendam
3065 3414 3618 3507 mandaverunt,
3689 3414 3822 3488 de-

912 3546 1290 3614 cernentes
1347 3563 1629 3612 exnunc
1680 3539 1755 3613 in
1811 3540 2121 3614 futurum
2177 3541 2618 3637 temporibus
2696 3539 3062 3637 perpetuis
3125 3535 3504 3612 tenendum
3561 3544 3632 3609 et
3685 3537 3824 3610 ob-

911 3662 1381 3737 servandum:
1422 3673 1500 3736 ut
1535 3686 1704 3736 vere
1739 3662 2040 3736 infirmis
2082 3664 2411 3736 Dominis
2457 3672 2528 3736 et
2563 3663 2684 3758 qui
2723 3668 3016 3759 propter
3053 3665 3493 3733 senectutem
3531 3655 3823 3750 grand-

920 3808 1173 3859 aevam
1231 3784 1503 3859 Missas
1556 3784 1967 3859 huiusmodi
2019 3785 2094 3857 in
2148 3785 2378 3859 turnis
2433 3787 2584 3859 suis
2639 3807 2769 3882 per
2813 3805 2894 3856 se
2945 3782 3238 3879 explere
3291 3803 3432 3853 non
3485 3789 3822 3878 possunt,

915 3907 1489 4004 quandoquidem
1548 3915 1881 3982 senectus
1932 3907 2097 4004 ipsa
2143 3907 2372 3982 morbi
2425 3907 2569 3980 vim
2622 3907 2891 3981 habere
2946 3904 3249 3998 videtur,
3307 3903 3520 3978 modo
3575 3910 3824 3975 tamen

913 4054 1046 4127 per
1098 4030 1285 4104 alios
1339 4029 1817 4127 adimpleant,
1890 4028 2209 4103 missalis
2262 4027 2515 4104 Marca
2568 4030 2724 4103 sine
2779 4028 3036 4124 quavis
3111 4027 3579 4100 Dominorum
3635 4023 3824 4097 Pro·

916 4161 1320 4226 curatorum
1376 4152 1937 4226 contradictione
1992 4151 2335 4225 solvatur.
2429 4151 2643 4240 Quod
2703 4152 3088 4223 Decretum
3143 4156 3220 4222 ut
3273 4171 3482 4223 suum
3535 4169 3828 4220 exnunc

919 4275 1259 4349 sortiatur
1306 4276 1633 4348 effectum
1672 4281 1745 4347 et
1781 4273 2184 4348 executioni
2231 4271 2720 4366 demandetur,
2775 4269 3226 4345 Reverendis
3262 4267 3596 4343 Dominis
3633 4267 3822 4340 Era—

920 4419 1074 4470 smo
1130 4397 1611 4470 Dembienski
1668 4398 1966 4469 Deeano
2023 4403 2094 4469 et
2147 4392 2510 4468 Stanislao
2583 4393 2982 4469 Krasinski
3034 4390 3572 4467 Archidiacono
3635 4388 3823 4463 Cra-

921 4518 1405 4614 coviensibus‚
1464 4519 1585 4615 qui
1624 4518 1836 4592 etiam
1882 4519 2274 4593 existentes
2330 4540 2499 4590 vere
2535 4516 2797 4590 infirmi
2850 4512 3364 4613 septimanales
3419 4512 3694 4586 Missas
3744 4511 3825 4585 in

920 4641 1152 4714 turnis
1207 4641 1360 4714 suis
1414 4640 1741 4738 proxime
1794 4664 1926 4737 per
1977 4640 2165 4714 alios
2221 4637 2403 4712 duos
2468 4637 2889 4712 Confratres
2943 4637 3450 4734 expleverunt,
3523 4634 3828 4708 Maroae

921 4769 1155 4835 tamen
1212 4761 1547 4836 missales
1602 4761 1873 4837 eisdem
1929 4761 2352 4857 denegatae,
2409 4783 2643 4856 neque
2699 4759 2977 4835 solutae
3031 4760 3357 4848 fuerunt,
3431 4755 3828 4831 solvendas

923 4884 1211 4958 omnino
1264 4884 1673 4960 huiusmodi
1727 4884 2018 4960 Marcas
2075 4885 2345 4959 eisdem
2411 4882 2886 4957 decreverunt
2938 4888 3010 4954 et
3061 4881 3611 4972 mandaverunt,
3671 4879 3826 4952 Do-

921 5006 1257 5101 minoque
1313 5005 1775 5079 Procuratori
1828 5029 1961 5080 suo
2014 5004 2397 5102 capitulari
2450 5005 2980 5079 commiserunt.
