4055 6364
1315 755 1885 834 —199—

131 969 420 1046 iurium
493 977 566 1045 et
616 968 782 1045 aliis
851 967 1406 1045 necessitatibus
1485 967 1563 1044 in
1617 975 1877 1044 eventu
1950 966 2351 1062 denegatae
2423 961 2803 1044 solutionis
2868 961 3056 1039 Oen-

144 1114 394 1186 sunm,
468 1115 514 1168 a
566 1088 858 1168 Summa
909 1091 1153 1166 itidem
1209 1091 1506 1190 capitali
1557 1089 1864 1166 Centum
1916 1090 2218 1165 millium
2268 1087 2703 1165 florenorum
2755 1088 2850 1164 ab
2884 1086 3059 1162 Hlu-

138 1214 514 1288 strissimo
567 1221 640 1288 et
688 1213 1323 1289 Reverendissimo
1375 1213 1692 1289 Domino
1755 1213 2045 1290 ‚Ioanne
2100 1211 2191 1285 de
2244 1209 2767 1286 Malachowice
2822 1208 3058 1283 Mala·

136 1334 483 1409 chowski
528 1334 896 1432 Episcopo
943 1333 1442 1430 Oracoviensi‚
1500 1336 1707 1412 Duce
1746 1333 2112 1429 Severiae‚
2159 1331 2793 1410 Reverendissimo
2840 1329 3058 1430 Capi-

135 1455 300 1530 tulo
377 1455 768 1530 cathedrali
856 1455 1325 1532 Cracoviensi
1406 1480 1540 1554 pro
1609 1457 2027 1534 fundatione
2098 1457 2175 1532 in
2252 1455 2707 1551 refrigerium
2778 1453 3061 1530 animae

143 1600 332 1652 suae
388 1576 675 1672 donata,
753 1586 826 1652 et
876 1579 950 1652 in
1003 1577 1216 1653 bonis
1272 1577 1542 1678 Oppidi
1596 1580 2002 1680 Radomysl
2056 1589 2129 1654 et
2179 1579 2343 1654 aliis
2398 1600 2486 1654 eo
2538 1577 3061 1677 pertinentibus

141 1707 452 1795 utraque
504 1699 879 1796 inscripta,
929 1700 1520 1796 provenientium,
1574 1700 1892 1778 florenos
1937 1699 2240 1777 Centum
2287 1701 2751 1777 Perillustres
2805 1707 2877 1774 et
2911 1699 3057 1774 Re-

145 1821 661 1897 verendissimi
731 1821 1027 1897 Domini
1087 1822 1274 1896 inter
1342 1823 1716 1899 Notarium
1784 1821 2132 1899 Actorum
2196 1845 2486 1898 suorum
2558 1821 3057 1920 capitularium

145 1951 222 2018 et
291 1941 1014 2043 Vieeprocuratorem
1091 1943 1391 2019 Mensae
1463 1945 1920 2043 capitularis,
2003 1945 2193 2019 inter
2261 1943 2789 2020 Vicecustodes
2884 1965 3058 2017 vero

139 2066 474 2142 thesauri
509 2068 702 2141 sacri
743 2066 1124 2141 Ecclesiae
1173 2066 1610 2144 cathedralis
1673 2067 2185 2144 Cracoviensis
2235 2066 2551 2143 florenos
2584 2065 2864 2162 viginti,
2902 2066 3059 2140 uni-

142 2189 412 2284 cuique
467 2212 599 2285 per
649 2190 966 2264 florenos
1023 2189 1268 2264 decem
1323 2191 1706 2283 annuatim,
1775 2191 1846 2264 in
1885 2190 2286 2265 auctionem
2344 2187 2593 2268 salarii
2645 2188 3058 2282 eorundem,

144 2333 318 2384 cum
374 2310 814 2406 obligatione
868 2311 1166 2418 Missae,
1225 2321 1458 2386 stante
1510 2312 1660 2386 vita
1718 2312 2207 2388 Illustrissimi
2274 2333 2409 2411 pro
2461 2310 2814 2410 peccatis,
2892 2318 3060 2409 post

143 2454 323 2506 sera
375 2455 550 2506 vero
603 2433 753 2506 fata
823 2455 955 2530 pro
1008 2434 1248 2508 anima
1325 2434 1578 2530 ipsius,
1653 2433 1934 2510 duabus
1988 2436 2271 2511 vicibus
2342 2434 2417 2508 in
2470 2454 2661 2508 anno
2714 2433 3056 2529 quolibet,

142 2551 494 2628 videlicet
543 2555 616 2627 in
653 2554 852 2628 Maio
907 2563 978 2630 et
1013 2552 1418 2652 Septembri
1473 2557 1862 2652 mensibus,
1919 2558 2009 2632 ad
2049 2558 2327 2634 initium
2381 2553 2875 2653 Capitulorum
2930 2577 3057 2650 ge-

141 2675 504 2750 neralium
577 2699 710 2773 per
762 2678 1151 2773 quemlibet
1217 2679 1536 2775 ipsorum
1603 2678 2129 2773 absolvendae,
2212 2675 2643 2753 dividendos
2691 2675 3062 2775 perpetuis

140 2797 416 2871 futuris
467 2799 912 2894 temporibus
967 2799 1437 2874 decreverunt
1490 2801 1938 2874 unanimiter.

1377 3111 1831 3213 CCXLIH.

150 3319 594 3417 Decretum,
635 3319 722 3400 ut
752 3318 1106 3401 intersint
1135 3320 1412 3418 Missis,
1453 3319 1707 3403 Pestis
1747 3319 2039 3403 Natalis
2078 3320 2163 3401 et
2190 3318 2743 3403 'translationis
2781 3314 2857 3399 S.
2888 3317 3061 3400 Sta-

149 3440 397 3538 nisiai,
455 3440 943 3524 Perillustres
1001 3443 1084 3522 et
1139 3441 1758 3524 Reverendissimi
1817 3441 2083 3524 Domini
2141 3441 2649 3542 capitulares,
2707 3441 2774 3521 in
2840 3459 3061 3542 qene-

148 3562 296 3643 raii
366 3562 728 3662 capituto,
811 3563 1018 3645 Anno
1098 3563 1309 3662 1703,
1386 3563 1500 3646 die
1559 3566 1804 3663 Lunae
1862 3565 1881 3644 Ι
1938 3563 2284 3647 octobris
2350 3564 2610 3661 iatum,
2696 3582 2789 3644 ex
2840 3561 3061 3645 Actis

366 3683 846 3768 illustrissimi
905 3685 1445 3768 Matacnowski
1505 3686 1960 3786 Episcopatu
2018 3685 2500 3769 cracoviensi
2561 3684 2851 3767 stante.

365 3893 1048 3971 Animadvertentes
1120 3894 1584 3972 Perillustres
1639 3904 1710 3971 et
1759 3894 2375 3974 Reverendissimi
2445 3894 2743 3972 Domini
2792 3894 2867 3968 in
2922 3892 3062 3971 hoc
3112 3980 3115 3985 ,

151 4015 496 4114 Capitulo
549 4018 874 4111 generali
927 4019 1382 4112 congregati,
1451 4019 1745 4093 multum
1803 4018 2214 4093 decessisse
2269 4016 2670 4093 ornamenti
2723 4024 2794 4091 et
2846 4015 3059 4091 deco-

148 4140 258 4213 ris
324 4161 454 4236 per
523 4140 922 4213 absentiam
993 4138 1518 4214 Perillustrium
1569 4150 1672 4215 -et
1724 4140 2517 4215 Reverendissimorum
2587 4138 3061 4214 Dominorum

149 4261 226 4334 in
285 4260 532 4335 Festis
585 4261 872 4335 Natalis
926 4271 997 4335 et
1049 4261 1582 4336 Translationis
1620 4261 1691 4338 S.
1757 4261 2103 4337 Stanislai
2164 4261 2516 4360 Episcopi
2568 4270 2642 4337 et
2690 4261 3058 4358 Martyria,

148 4382 370 4458 huius
427 4381 804 4457 Ecclesiae
860 4382 1188 4477 Patroni,
1260 4385 1622 4459 obviando
1675 4385 1750 4459 in
1804 4395 2169 4484 posterum
2225 4384 2634 4459 huiusmodi
2686 4382 3059 4474 absent-iis,

155 4503 646 4580 concordibus
701 4506 890 4580 votis
945 4507 1480 4581 concluserunt:
1538 4515 1616 4581 nt
1652 4507 2115 4583 Perillustres
2152 4516 2223 4580 et
2257 4504 2871 4581 Reverendissimi
2906 4505 3059 4579 Do·

151 4625 334 4701 mini
407 4626 758 4723 praefatis
829 4628 1340 4702 festivitatibus
1394 4652 1436 4700 a
1491 4629 1745 4703 maiori
1797 4630 2030 4704 Missa
2082 4630 2444 4721 absentee,
2521 4633 2815 4702 careant
2867 4632 3061 4702 sorte

156 4771 238 4823 se
295 4758 775 4823 concernente
827 4747 1328 4824 Anniversarii
1382 4748 1864 4826 Illustrissimi
1938 4752 2106 4826 olim
2160 4750 2214 4827 J
2219 4750 2475 4826 oannis
2526 4747 3062 4824 Malachowski

153 4870 511 4968 Episcopi
567 4868 1100 4963 Cracoviensis,
1167 4872 1241 4945 in
1297 4870 1494 4945 Maio
1549 4880 1621 4947 et
1675 4871 1975 4948 Octobri
2038 4880 2208 4971 post
2260 4874 2447 4947 festa
2508 4871 2881 4969 praedicta
2934 4892 3059 4966 pe-

154 4992 319 5087 ragi
376 4992 602 5084 soliti,
685 5001 757 5066 et
809 5016 952 5068 non
1025 4994 1169 5067 alio
1220 4994 1388 5089 fine,
1461 5003 1539 5069 ut
1602 4997 2094 5091 praemittitur,
2178 4994 2319 5069 nisi
2383 5003 2459 5069 ut
2510 4991 3058 5069 Festivitatibns

156 5113 504 5211 praefatis
558 5116 1087 5190 numerosiores
1143 5116 1608 5192 Perillustres
1647 5125 1717 5191 et
1751 5115 2367 5192 Reverendissimi
2422 5116 2715 5191 Domini
2768 5135 3056 5211 compa·

156 5248 379 5330 reant,
435 5237 739 5312 instituti
795 5247 865 5311 et
917 5236 1214 5313 fundati.
