4055 6364
1376 723 1947 803 -301-

461 1019 691 1091 Forma
736 1018 1080 1090 iuramenti
1130 1019 1789 1107 neoreciplendorum
1832 1018 2302 1092 canonicorum
2347 1020 2898 1111 Academicorum.

428 1248 563 1332 Ego
608 1248 689 1314 N.
736 1248 873 1315 iuro
940 1250 1019 1315 ad
1068 1248 1301 1315 Sancta
1362 1248 1481 1315 Dei
1544 1248 1907 1334 Evangelia,
1979 1250 2147 1333 quod
2193 1250 2359 1327 Iura,
2409 1248 2678 1328 Statuta,
2747 1248 3015 1313 Decreta
3060 1247 3124 1312 et

221 1349 725 1419 eonsuetudines
768 1354 1050 1436 receptas
1116 1355 1179 1417 et
1222 1372 1340 1418 usu
1389 1354 1767 1437 approbatas
1832 1353 2018 1419 huius
2082 1352 2402 1419 Ecclesiae
2450 1350 2846 1418 Cathedralis
2893 1349 3126 1417 Cracc-

218 1456 474 1535 viensis,
526 1476 641 1521 nec
684 1476 810 1522 non
856 1457 1271 1523 novissimum
1316 1458 1687 1538 auctoritate
1753 1456 2149 1523 Sanctissimi
2213 1457 2465 1521 Domini
2513 1456 2709 1522 nostri
2771 1454 2865 1521 Pii
2916 1456 3128 1536 Papae

222 1560 339 1625 IX.
390 1559 513 1625 snb
561 1560 663 1625 die
714 1560 797 1625 10
829 1560 985 1626 Maii
1034 1559 1201 1625 1859
1249 1564 1609 1628 emanatum
1654 1562 1991 1628 Decretum
2039 1560 2524 1627 Reformationis
2572 1558 2844 1643 Capituli
2891 1555 3126 1624 Cathe-

221 1662 419 1729 dralis
466 1659 915 1743 cracoviensis,
965 1667 1029 1730 et
1072 1664 1499 1732 Ordinationis
1562 1665 1896 1732 fundorum
1942 1664 2400 1747 capitularium,
2463 1664 2630 1730 bona
2672 1662 2793 1728 fide
2839 1662 3123 1741 servabo,

221 1767 439 1851 cisque
483 1767 740 1850 parebo.
790 1768 1155 1852 Requisitus
1200 1770 1280 1835 ad
1328 1788 1660 1859 consessus
1708 1768 2107 1852 capitulareS,
2161 1770 2420 1845 secreta,
2465 1768 2773 1843 tractatus
2820 1767 2884 1832 et
2919 1766 3126 1831 consi-

224 1872 329 1950 lia,
382 1872 611 1955 quibus
657 1871 994 1939 interfuero
1042 1876 1107 1938 et
1150 1893 1310 1957 quae
1356 1874 1509 1940 mihi
1555 1872 1791 1939 credita
1824 1873 2078 1951 fuerint,
2130 1891 2410 1956 quaeque
2457 1890 2570 1954 pro
2610 1870 2867 1938 secretis
2911 1869 3130 1936 haberi

218 1975 475 2053 debent,
528 1976 605 2041 ad
642 1976 936 2043 damnum
985 1979 1095 2043 aut
1138 1975 1587 2059 praeiudicium
1636 1974 1911 2059 Capituli
1948 1976 2049 2043 vel
2088 1975 2499 2060 singularium
2547 1976 2681 2042 eius
2719 1992 3129 2060 personarum

222 2079 381 2145 nulli
445 2079 737 2163 pandam.
803 2082 947 2147 Iura
990 2084 1055 2147 et
1098 2081 1423 2165 privilegia
1474 2081 1673 2163 ipsius
1730 2079 2050 2146 Ecclesiae
2115 2081 2557 2160 manutenebo,
2633 2080 2904 2146 alienata
2946 2077 3126 2144 inde-

218 2183 355 2249 bite
401 2184 481 2251 ab
526 2184 665 2267 ipsa
706 2184 992 2251 Ecclesia
1036 2186 1115 2251 ad
1160 2185 1261 2251 ius
1306 2186 1371 2250 et
1414 2185 1858 2269 proprietatem
1908 2184 2042 2249 eius
2108 2185 2397 2251 omnibus
2444 2184 2648 2251 modis
2713 2200 2898 2267 posse
2941 2183 3128 2248 tenus

220 2288 533 2355 revocabo
582 2291 645 2355 et
691 2290 925 2355 bonum
969 2290 1289 2355 Ecclesiae
1333 2288 1535 2372 ipsius
1582 2307 1693 2372 pro
1733 2289 1889 2355 meis
1933 2289 2174 2354 viribus
2223 2288 2618 2372 promovebo.
2665 2288 2766 2355 Sic
2812 2306 2910 2353 me
2956 2286 3130 2355 Deus

220 2392 483 2458 adiuvet
527 2394 592 2458 ct
635 2392 789 2459 hacc
833 2392 1065 2461 Sancta
1111 2393 1229 2459 Dei
1274 2393 1637 2477 Evangelia.

722 2684 953 2754 Forma
998 2684 1342 2756 iuramenti
1391 2685 1577 2756 circa
1621 2684 2007 2757 electionem
2054 2684 2651 2756 administratoria.

436 2892 573 2979 Ego
621 2892 699 2958 N.
753 2893 915 2976 iuro,
965 2894 1131 2976 quod
1175 2893 1237 2957 in
1276 2892 1863 2961 Administratorem
1912 2895 2288 2961 Dioeceseos
2335 2894 2399 2959 et
2441 2893 2858 2977 Episcopatus
2907 2891 3134 2959 Cracc-

226 2996 463 3062 viensis
502 3015 613 3063 seu
650 2997 969 3064 Vicarium
1017 2997 1461 3081 Capitnlarem‚
1510 3000 1738 3085 eligam
1792 3002 2150 3078 Personam,
2193 3018 2383 3083 quam
2429 2998 2778 3082 digniorem
2815 2998 2880 3071 et
2918 2997 3130 3063 utilio-

225 3120 361 3165 rem
410 3100 783 3168 iudicavero.
839 3102 943 3167 Sic
990 3120 1088 3169 me
1134 3102 1307 3167 Dens
1352 3102 1621 3168 adiuvet.

619 3414 855 3484 Forma
901 3411 1247 3484 iuramenti
1295 3410 1358 3480 ln
1406 3409 1732 3481 electione
1776 3411 2351 3482 Administratoris
2397 3412 2758 3483 Dioeccala.

450 3622 584 3706 Ego
632 3621 713 3689 N.
762 3623 925 3703 iuro,
975 3621 1141 3705 quod
1178 3619 1242 3686 in
1281 3619 1581 3686 electione
1630 3620 2174 3686 Administratoris
2220 3619 2542 3686 Dicet-esis
2580 3620 2739 3687 dabo
2770 3621 2987 3690 votum
3034 3640 3135 3686 se-

234 3726 510 3791 cundum
557 3726 759 3792 Deum
809 3729 873 3792 ct
914 3743 1132 3809 puram
1182 3723 1654 3804 conscientiam,
1706 3724 2166 3808 nominaboque
2201 3725 2380 3790 illum
2417 3725 2484 3790 in
2520 3723 3133 3804 Administratorem,

242 3848 435 3912 quem
484 3829 718 3896 scivero
772 3831 849 3910 et⁸
877 3829 1197 3895 credidero
1243 3829 1567 3895 meliorem
1615 3830 1681 3895 et
1723 3829 2040 3896 utiliorem
2097 3849 2208 3913 pro
2256 3829 2615 3895 huiusmodi
2681 3829 2886 3894 officio
2934 3827 3136 3895 admi-

235 3933 627 3999 nistrationis
694 3935 757 4000 et
820 3932 1314 4018 gubernationiS,
1384 3952 1507 3997 non
1553 3933 1765 3999 habito
1834 3933 2122 4017 respectu
2187 3933 2264 3998 ad
2329 3932 2726 3998 commodum
2793 3932 3134 4016 proprium,

236 4039 861 4122 consanguinitatem,
904 4037 1239 4103 amicitiam
1274 4038 1377 4103 vel
1412 4038 1718 4115 favorem3
1768 4038 2078 4121 bonaque,
2128 4055 2287 4120 quae
2331 4037 2485 4101 mihi
2530 4037 2760 4100 fuerint
2803 4035 3139 4102 commissa

236 4141 318 4208 ad
364 4141 859 4224 gubernandum,
909 4142 1177 4207 fideliter
1225 4143 1289 4206 et
1334 4141 1575 4207 utiliter
1620 4142 1999 4223 dispensabo
2049 4145 2112 4206 et
2155 4141 2400 4218 tuebor,
2473 4140 2876 4223 debitamque
2924 4138 3001 4204 de
3047 4137 3138 4203 eis

236 4245 301 4310 et
348 4242 765 4310 sufficientem
807 4244 1035 4309 faciam
1080 4245 1181 4310 cui
1228 4247 1531 4328 competit
1575 4246 1899 4311 rationem.
1952 4243 2056 4310 Sic
2104 4263 2201 4310 me
2248 4244 2417 4311 Dens
2465 4245 2734 4310 adiuvet.

940 4555 1177 4625 Forma
1220 4553 1563 4625 iuramenti
1612 4553 1807 4624 electi
1855 4553 2446 4625 administratoris.

448 4767 583 4852 Ego
629 4767 706 4831 N.
758 4767 995 4832 electus
1040 4763 1896 4836 AdministratorDioecesis
1944 4762 2379 4830 cracoviensis
2425 4765 2586 4848 iuro,
2636 4763 2802 4846 quod
2851 4763 3140 4830 Officium

233 4872 362 4937 hoc
422 4869 595 4936 iuxta
657 4868 1025 4935 Sanctiones
1090 4867 1437 4936 canonicas
1502 4869 1565 4934 et
1610 4868 1857 4934 Statuta
1922 4865 2200 4951 Capituli
2248 4867 2684 4936 cracoviensis
2754 4866 3024 4934 fideliter
3071 4885 3144 4933 ac

236 4976 453 5040 exacte
502 4993 790 5056 exequar.
841 4971 941 5040 Sic
990 4993 1087 5039 me
1136 4975 1305 5039 Deus
1354 4973 1622 5039 adiuvet.
