4055 6364
2140 701 2711 782 -232-

953 912 1200 1009 vigore
1257 910 1516 988 Statuti
1573 911 1764 986 Anni
1843 909 2041 988 1505
2096 911 2213 986 die
2270 909 2315 986 5
2375 913 2643 986 mensis
2696 911 3081 986 Februarii
3134 913 3433 1007 conditi,
3487 915 3857 988 hactenus

953 1035 1238 1108 absolvi
1293 1035 1570 1126 solitae,
1649 1033 1882 1108 Missa
1933 1035 2179 1108 votiva
2252 1033 2341 1108 de
2396 1031 2667 1131 Spiritu
2738 1031 3027 1127 Sanct0,
3104 1037 3438 1132 apposita
3509 1034 3859 1110 Collecta

917 1178 1085 1252 ‚pro
1165 1156 1504 1252 peccatis,
1562 1153 1965 1250 figuraliter
2048 1180 2206 1230 cum
2286 1156 2775 1230 instrumentis
2863 1156 3157 1231 musicis
3236 1158 3499 1231 abhinc
3574 1157 3857 1230 futuris

953 1276 1394 1372 temporibus
1465 1277 1888 1369 celebretur,
1965 1277 2154 1373 quod
2230 1277 2614 1352 Decretum
2688 1290 3039 1374 perpetuo
3112 1279 3497 1354 observare
3566 1287 3645 1353 et
3702 1278 3857 1351 vim

955 1394 1216 1471 Statuti
1268 1397 1536 1472 habere
1589 1397 2203 1474 Reverendissimi
2282 1399 2576 1474 Domini
2648 1397 3057 1495 Capitulum
3108 1401 3449 1494 generale
3500 1407 3673 1474 tunc
3732 1423 3856 1472 ce·

952 1519 1322 1608 lebrantcs
1377 1519 1855 1594 declararunt.
3708 1524 3724 1540 ⁶

2229 1829 2581 1932 CCXCI.

1193 2038 1566 2122 ordinatio
1624 2042 1985 2140 respectu
2044 2038 2241 2243 siagri
2298 2038 2699 2243 (lligti'qctivi
2755 2039 2977 2123 facta
3030 2041 3096 2120 in
3152 2040 3357 2122 Anno
3416 2041 3600 2122 1734

2204 2181 2269 2244 ιο
2534 2181 2653 2242 an.

1169 2372 1559 2468 Postquam
1631 2369 2248 2446 Reverendissimi
2320 2371 2617 2444 Domini
2690 2380 2822 2446 etc.
2890 2382 2962 2445 et
3031 2374 3363 2468 quoniam
3437 2395 3564 2470 pro
3619 2375 3846 2470 impe—

958 2495 1260 2568 tratione
1315 2493 1574 2568 Bullae
1627 2490 2053 2566 Pontificiae
2128 2515 2347 2588 super
2418 2494 2884 2567 concessione
2956 2493 3272 2569 eiusdem
3327 2483 3535 2587 Signi
3590 2495 3844 2568 distin-

959 2616 1133 2724 ctivi
1213 2624 1285 2690 et
1339 2614 1826 2689 elaboratione
1898 2613 2308 2688 huiusmodi
2360 2614 2867 2708 Insigniorum·
2920 2623 3277 2713 sumptum
3332 2616 3515 2690 satis
3564 2617 3847 2690 notabi-

957 2738 1100 2812 lem
1157 2737 1246 2810 de
1303 2737 1592 2835 proprio
1649 2743 2171 2830 exposuerunt:
2246 2735 2411 2809 ideo
2484 2745 2561 2809 ut
2613 2738 2893 2810 animae
2945 2739 3265 2834 ipsorum
3320 2746 3699 2834 postquam
3754 2737 3845 2810 de

958 2859 1099 2934 hac
1154 2859 1301 2933 vita
1353 2857 1840 2953 migraverint,
1898 2857 2321 2950 suffragium
2362 2869 2781 2955 perpetuum
2834 2858 3177 2952 habeant,
3252 2857 3845 2932 Anniversarium

960 2981 1188 3055 semel
1238 2981 1312 3054 in
1341 2979 1574 3070 Anno,
1630 2979 1849 3075 idque
1899 2979 1974 3052 in
2032 2978 2369 3074 Capitulo
2420 2979 2746 3080 generali
2783 2980 3049 3073 maiali,
3108 2979 3452 3077 postridie
3490 2979 3841 3054 Anniver-

963 3102 1136 3177 sarii
1214 3101 1794 3195 Malachoviani,
1869 3123 2029 3176 cum
2100 3099 2399 3195 Vigiliis
2472 3123 2725 3175 novem
2784 3101 3207 3176 Lectionum
3304 3125 3436 3200 per
3504 3101 3843 3177 Vicarios

963 3225 1416 3300 cathedrales
1495 3223 1984 3317 decantandis,
2070 3222 2577 3297 celebrandum
2664 3224 3150 3318 instituerunt,
3241 3247 3845 3321 successoresque

963 3371 1136 3423 suos
1187 3346 1564 3421 Praelatos
1620 3354 1692 3421 et
1744 3343 2153 3420 Canonicos
2198 3342 2672 3419 Cathedrales
2742 3344 3295 3437 Oracovienses‚
3354 3370 3447 3419 ex
3494 3347 3569 3419 vi
3620 3348 3843 3441 grafi-

963 3468 1230 3545 tudinis
1283 3468 1374 3543 ad
1431 3469 1752 3543 eiusdem
1808 3466 2257 3541 Aniversarii
2304 3474 2717 3563 perpetuam
2758 3469 3309 3569 celebrationem
3348 3470 3849 3566 praesentibus

963 3589 1376 3687 obligando,
1432 3614 1564 3688 pro
1620 3613 1760 3686 quo
1799 3590 2231 3686 stipendium
2280 3588 2799 3685 quinquaginta
2849 3589 3286 3664 florenorum
3340 3590 3849 3687 polonicalium

965 3737 1057 3787 ex
1111 3712 1566 3809 septimanali
1637 3711 2175 3805 distributione,
2249 3718 2393 3784 tam
2466 3710 2827 3785 Praelatis
2899 3719 2971 3784 et
3024 3709 3414 3786 Canonicis
3464 3712 3539 3785 in
3590 3710 3849 3786 eodem

963 3833 1506 3931 praesentibus,
1581 3856 1792 3929 quam
1848 3831 2169 3905 Vicariis
2253 3855 2341 3905 ac
2408 3828 2799 3907 Sacristiae
2864 3856 2998 3931 pro
3052 3856 3220 3907 cera
3272 3833 3849 3927 assignaverunt,

964 3964 1037 4030 et
1087 3954 1580 4029 Perillustrcm
1618 3953 2059 4028 Canonicum
2120 3952 2665 4043 Procuratorem
2721 3962 3055 4050 respectu
3108 3956 3549 4052 praemissae
3602 3954 3849 4030 distri-

968 4077 1284 4152 butionis
1354 4076 1750 4171 obligatum
1831 4098 1996 4151 esse
2067 4075 2339 4149 volunt.
2431 4074 2518 4147 In
2598 4075 2851 4151 eodem
2940 4074 3461 4152 Anniversario
3546 4078 3853 4174 quilibet

966 4198 1349 4273 Praelatus
1404 4206 1475 4272 et
1527 4195 1942 4272 Canonicus
1993 4196 2298 4271 Missam
2352 4218 2486 4293 pro
2536 4198 2893 4273 defunctis
2948 4196 3449 4274 Confratribus
3482 4198 3855 4275 Fundatu-

967 4320 1168 4394 ribus
1222 4320 1575 4413 absolvat,
1637 4321 1792 4394 sive
1845 4344 1978 4417 per
2030 4319 2248 4393 alium
2304 4316 2817 4417 Presbyterum
2871 4320 3155 4395 absolvi
3209 4329 3430 4395 curet.
3486 4320 3857 4397 Absentes

967 4442 1061 4514 ab
1117 4440 1367 4515 eodem
1422 4439 1964 4533 Anniversario,
2023 4438 2420 4515 Cracoviae
2478 4440 2631 4513 sive
2674 4448 2889 4515 extra
2942 4441 3327 4537 degentes,
3387 4445 3711 4539 portione
3762 4468 3859 4517 ex

969 4563 1488 4638 Anniversario
1544 4572 1615 4637 et
1669 4562 2164 4638 distributione
2223 4560 2541 4636 eiusdem
2596 4562 2737 4636 diei
2794 4565 3169 4657 carebunt,
3243 4563 3539 4638 Missam
3612 4572 3859 4639 tamen

969 4686 1407 4783 praedictam
1465 4686 1845 4761 absolvere
1900 4687 2187 4760 omnino
2242 4683 2689 4760 tenebuntur.
