4055 6364
1422 735 1977 812 -309—

1528 969 1857 1080 Cremus.

462 1129 866 1206 Praetende
922 1130 1230 1204 Domine
1284 1129 1555 1205 famulo
1610 1136 1731 1203 tuo
1802 1127 2165 1202 dexteram
2222 1126 2558 1203 coelestis
2610 1127 2878 1220 auxilii,
2937 1136 3014 1204 ut
3061 1136 3134 1204 te

254 1263 409 1329 toto
463 1253 681 1328 corde
734 1253 1119 1350 perquirat,
1178 1261 1249 1327 et
1284 1277 1469 1349 quae
1523 1251 1741 1347 digne
1788 1249 2122 1348 postulat,
2179 1251 2523 1348 consequi
2574 1259 2950 1344 mereatur,
3006 1274 3136 1349 per

251 1375 621 1451 Christum
676 1376 1062 1450 Dominum
1116 1382 1459 1450 nostrum.
1515 1373 1770 1448 Amen.

1527 1605 1858 1682 Oremus.

476 1765 755 1842 Adesto
810 1789 1193 1862 qaesumus
1245 1765 1554 1839 Domine
1608 1763 2252 1861 supplicationibus
2304 1763 2591 1855 nostris,
2670 1771 2747 1838 ut
2796 1763 3138 1839 famulum

258 1898 499 1982 tuum,
573 1912 783 1985 quem
856 1888 1223 1963 charitatis
1294 1886 1531 1961 officio
1608 1887 1681 1959 in
1752 1885 2267 1960 fraternitatem
2336 1885 2790 1982 suscipimus,
2860 1884 3138 1979 gratiae

249 2021 421 2086 tuae
476 2011 808 2106 largitate
860 2010 1245 2108 locupleta,
1301 2018 1378 2085 ut
1427 2009 1516 2082 de
1554 2010 1710 2084 eius
1764 2009 2238 2106 prosperitate
2291 2007 2622 2080 continua
2672 2006 3137 2101 gaudeamus·

250 2157 386 2232 per
437 2133 824 2208 Dominum
878 2139 1197 2207 nostrum
1249 2131 1492 2206 Iesum
1547 2128 1907 2204 Christum
1959 2129 2184 2205 filium
2237 2137 2431 2205 tuum
2486 2139 2620 2203 etc.

1273 2336 1375 2403 Ad
1418 2335 1633 2402 Altars
1682 2333 1747 2399 S.
1794 2333 2124 2401 Stanislai:

465 2478 549 2561 V.
605 2478 865 2555 Gloria
917 2487 989 2554 et
1040 2479 1308 2555 honore
1364 2477 1727 2553 coronasti
1780 2499 1940 2552 eum
1993 2475 2326 2550 Domine.

465 2600 548 2684 Β..
600 2602 698 2676 Et
750 2601 1178 2677 constituisti
1232 2623 1391 2676 eum
1446 2623 1663 2697 super
1715 2621 1937 2695 opera
1988 2621 2320 2674 manuum
2373 2604 2672 2672 tuarum.

1538 2841 1870 2918 Oremus.

474 3002 701 3094 Deus,
776 3024 907 3098 pro
962 3001 1167 3077 cuius
1236 3000 1510 3096 honore
1580 2999 1945 3094 gloriosus
2019 2998 2354 3074 Pontifex
2426 2999 2826 3075 Stanislaus
2877 2997 3145 3094 gladiis

262 3126 643 3226 impiorum
700 3125 1051 3220 occubuit,
1107 3131 1399 3221 praesta
1454 3144 1908 3220 quaesumus,
1964 3129 2044 3196 ut
2080 3143 2332 3197 omnes
2387 3121 2509 3218 qui
2561 3120 2718 3198 eius
2767 3121 3150 3217 implorant

264 3248 631 3343 auxilium,
690 3247 1056 3344 petitionis
1110 3268 1286 3321 suae
1340 3246 1723 3320 salutarem
1780 3250 2308 3341 consequantur
2359 3246 2708 3319 effectum.

1380 3452 1481 3517 Ad
1523 3450 1727 3517 maius
1770 3448 2019 3517 Altars:

475 3595 785 3673 Domine
838 3595 1008 3669 Iesu
1044 3593 1353 3691 Christe,
1411 3594 1533 3690 qui
1586 3591 1863 3667 dixisti:
1919 3592 2042 3668 ubi
2096 3598 2261 3666 sunt
2312 3589 2454 3665 duo
2490 3592 2608 3665 vel
2644 3598 2793 3666 tres
2845 3612 3146 3684 congre-

265 3720 419 3816 gati
472 3718 547 3793 in
600 3718 885 3792 nomine
940 3739 1118 3811 meo,
1172 3717 1279 3792 ibi
1332 3739 1489 3792 sum
1540 3716 1615 3790 in
1668 3715 1904 3790 medio
1962 3736 2230 3788 eorum.
2286 3712 2484 3787 Ecce
2537 3733 2672 3787 nos
2725 3712 3148 3807 congregati

264 3842 343 3916 in
396 3840 681 3916 nomine
736 3846 857 3914 tuo
912 3861 1177 3929 sumus,
1233 3837 1571 3912 honorem
1624 3836 1931 3911 nominis
1966 3835 2071 3911 tui
2121 3842 2193 3909 et
2227 3832 2605 3909 Ecclesiae
2659 3831 2969 3909 Sanctae
3019 3832 3144 3907 de-

264 3963 560 4058 fensuri,
632 3962 1019 4036 fraternam
1075 3960 1492 4034 charitatem
1548 3959 1882 4053 coacturi,
1958 3958 2079 4054 qui
2148 3958 2493 4032 bonorum
2550 3978 2842 4053 operum
2894 3954 3150 4031 author

262 4110 373 4177 es,
430 4086 550 4181 qui
602 4084 961 4158 hominum
1015 4085 1275 4158 incitas
1330 4089 1625 4175 mentes,
1701 4089 1771 4155 et
1822 4081 2125 4155 adiuvas
2197 4080 2543 4172 actiones,
2614 4086 2690 4151 tu
2743 4078 3150 4152 misericors

260 4210 475 4283 Deus
545 4207 883 4282 universa
952 4206 1165 4281 nobis
1235 4203 1695 4279 adversantia
1762 4202 2192 4300 propitiatus
2265 4198 2592 4293 exclude,
2665 4206 2744 4275 ut
2793 4206 3027 4274 mente
3079 4205 3152 4273 et

264 4352 573 4427 corpore
652 4328 921 4426 pariter
994 4328 1329 4426 expediti,
1408 4348 1591 4422 quae
1661 4334 1784 4399 tua
1856 4331 2020 4398 sunt
2092 4331 2165 4397 et
2214 4321 2594 4397 Ecclesiae
2667 4330 2832 4397 tuae
2901 4320 3150 4395 liberis

264 4451 630 4526 mentibus
683 4472 1136 4545 exequamur.
1209 4447 1351 4538 Qui
1405 4470 1567 4523 cum
1618 4448 1833 4522 Patre
1889 4453 1960 4521 et
2012 4442 2284 4544 Spiritu
2339 4442 2604 4519 Sancto
2657 4444 2846 4519 vivis
2897 4466 2984 4518 ac
3037 4466 3148 4517 re-

262 4594 457 4669 gnas
508 4572 714 4647 Deus
769 4594 897 4670 per
951 4572 1188 4647 omnia
1242 4571 1535 4646 saecula
1588 4570 2062 4645 saeculorum.
2119 4568 2374 4644 Amen.

518 4786 681 4853 Ante
727 4786 945 4853 Altare
990 4788 1193 4852 maius
1240 4788 1414 4853 stans
1458 4784 1866 4852 Introducens
1912 4782 2065 4851 dicit
2107 4783 2186 4851 ad
2231 4800 2458 4849 novum
2506 4780 2917 4849 canonicum:

477 4943 929 5020 Authoritate
983 4952 1055 5019 et
1105 4944 1439 5021 mandato
1493 4943 1784 5019 Domini
1842 4942 2072 5018 nostri
2141 4940 2754 5017 Reverendissimi
2803 4939 3154 5037 Episcopi

268 5069 365 5144 N.
424 5068 519 5143 N.
578 5067 776 5142 mitto
830 5074 901 5141 te
974 5067 1047 5141 in
1105 5068 1546 5164 corporalem
1602 5073 1674 5141 et
1724 5066 2076 5141 actualem
2146 5063 2359 5141 huius
2411 5060 2880 5138 Praebendae
2933 5061 3028 5137 N.
3084 5067 3156 5135 et

270 5190 758 5266 Canonicatus
830 5188 1205 5264 Ecclesiae
1262 5186 1719 5263 Cathedralis
1773 5185 2303 5281 Cracoviensis,
2381 5187 2469 5260 de
2523 5204 2879 5260 consensu
2931 5182 3150 5257 totius

268 5310 885 5388 Reverendissimi
939 5310 1253 5408 Capituli
1308 5311 1553 5405 nostri,
1611 5311 2168 5408 possessionem,
2237 5308 2683 5384 committens
2735 5307 2866 5381 tibi
2919 5304 3148 5385 admi·
