4055 6364
1571 811 1680 831 ..-
1785 766 1888 851 15
1989 812 2097 831 ..-

1659 974 1998 1077 ΧΧΙΙΙ.

353 1184 475 1266 ne
512 1200 658 1271 non
699 1180 1167 1284 impositione
1218 1180 1707 1266 coiieotarum
1757 1183 1825 1268 in
1864 1136 2181 1267 ciorum
2210 1184 2297 1267 et
2349 1182 2720 1268 eloctione
2775 1182 3266 1269 coiieetorum

1335 1306 1501 1388 sine
1556 1322 1935 1389 consensu
1992 1304 2332 1408 capituli.

567 1513 899 1592 Tandem
948 1511 1348 1611 statuimus,
1405 1513 1797 1591 accedente
1833 1515 1928 1591 ad
1971 1516 2114 1591 hoc
2166 1516 2501 1593 Fratrum
2553 1525 2959 1594 nostrorum
3012 1517 3267 1595 volun-

351 1642 534 1713 tate.
592 1635 807 1727 Quod
859 1634 1020 1712 Nos
1073 1644 1146 1712 et
1193 1634 1676 1713 Successores
1729 1638 1959 1713 nostri
2012 1639 2361 1715 collectas
2414 1638 2697 1739 aliquas
2752 1646 3267 1736 quantumcun-

353 1782 503 1855 que
556 1758 1036 1858 necessariae,
1088 1758 1165 1833 in
1201 1756 1494 1834 Clerum
1549 1760 1957 1855 regularem
1995 1769 2119 1837 aut
2170 1762 2621 1840 saecularem
2673 1762 3084 1837 nullatenus
3134 1762 3266 1835 im-

351 1890 717 1979 ponemus
767 1880 926 1955 sine
979 1880 1447 1977 requisitione
1502 1887 1576 1956 et
1631 1904 1990 1958 consensu
2046 1881 2365 1982 Capituli
2418 1883 2761 1981 speciali,
2818 1906 3002 1981 quas
3054 1883 3268 1958 etiam

351 2002 622 2098 Nobis,
675 2001 818 2077 nisi
867 2002 944 2079 in
993 2000 1330 2101 Capitulo
1383 2003 1734 2099 generali,
1809 2004 2063 2100 vigore
2117 2003 2335 2080 huius
2385 2001 2648 2080 Statuti
2700 2005 3071 2103 imponere
3122 2027 3265 2079 non

349 2124 630 2221 licebit,
688 2122 1140 2200 Collectores
1211 2124 1425 2200 etiam
1480 2148 1616 2222 per
1667 2124 1826 2201 Nos
1901 2108 2044 2201 non
2100 2126 2450 2221 eligemus
2474 2182 2495 2217 ,
2568 2126 2709 2227 nisi
2761 2127 2853 2201 de
2907 2150 3267 2202 consensu

365 2254 450 2322 et
496 2246 964 2343 requisitione
1015 2246 1349 2322 Fratrum
1404 2253 1805 2324 nostrorum
1881 2248 2318 2345 specialiter,
2390 2249 2514 2345 qui
2565 2249 2945 2347 pecuniam
3000 2249 3265 2325 collec-

347 2375 506 2443 tam
555 2368 634 2443 in
685 2368 985 2444 Errario
1038 2367 1421 2443 Ecclesiae
1486 2375 1777 2443 nostrae
1831 2369 2133 2445 Maioris
2202 2370 2661 2467 praedictae,
2739 2378 2812 2446 et
2864 2393 3005 2446 non
3060 2370 3259 2463 alibi,

349 2488 616 2585 vigore
694 2490 1100 2588 praesentis
1179 2486 1442 2566 Statuti
1520 2490 1919 2566 iuramento
1999 2491 2445 2587 singulorum
2522 2491 2820 2586 firmati,
2910 2513 3264 2589 reponere

348 2611 639 2687 astricti
691 2612 836 2687 sint
857 2668 874 2703 ,
930 2635 1066 2687 nec
1119 2635 1248 2688 eas
1298 2610 1471 2688 inde
1536 2635 1948 2708 removere,
2021 2612 2169 2687 nisi
2222 2612 2312 2688 de
2367 2613 2671 2690 scientia
2737 2614 3078 2689 Fratrum
3132 2635 3259 2688 no-

347 2741 694 2830 strorum,
749 2734 870 2813 vel
917 2734 1012 2813 ad
1067 2736 1305 2813 minus
1358 2733 1678 2834 Capituli
1728 2735 2313 2811 Procuratorum.

1655 3063 1999 3167 XXIV.

347 3271 466 3356 ne
515 3271 945 3358 dimissione
1005 3269 1353 3356 vicariae
1417 3273 1504 3354 et
1555 3271 1842 3477 Αὴῐῒανίἔ
1887 3271 2093 3414 ‘post
2155 3271 2687 3374 promotionem
2755 3269 2853 3353 ad
2917 3272 3263 3356 curatum

1640 3414 1782 3478 ene
1841 3413 2056 3477 cmm.

563 3605 944 3682 Caeterum
987 3605 1388 3682 statuimus.
1445 3604 1662 3695 Quod
1710 3603 1992 3680 Vicarii
2043 3604 2426 3681 Ecclesiae
2475 3611 2793 3701 nostrae,
2846 3605 2945 3682 ad
2994 3607 3254 3683 Eccle-

345 3731 510 3805 sias
564 3736 850 3804 curatas
887 3727 977 3803 de
1015 3727 1400 3803 collatione
1455 3727 1794 3825 Capituli,
1853 3735 1925 3802 et
1969 3750 2115 3802 non
2151 3727 2278 3801 alii
2313 3736 2893 3825 promoveantur,
2948 3729 3257 3826 dumque

343 3850 666 3950 promoti
715 3849 983 3926 fuerint
1033 3847 1374 3924 Vicarias
1429 3856 1502 3924 et
1552 3847 1833 3922 Altaria
1887 3850 2357 3924 communiter
2399 3849 2519 3924 vel
2556 3847 2844 3923 divisim
2901 3848 3259 3925 dimittant

341 3979 436 4048 ut
485 3971 930 4047 commodius
996 3969 1368 4046 intendere
1440 3971 1721 4068 possint
1791 3971 2007 4045 saluti
2072 3993 2362 4046 suorum
2419 3971 2910 4063 subditorum,
2969 3978 3039 4045 et
3090 3994 3251 4046 cum

345 4094 702 4192 scriptum
758 4095 892 4168 sit:
968 4091 1188 4166 facito
1240 4092 1479 4188 legem
1536 4115 1748 4189 quam
1802 4093 1964 4191 ipse
2015 4093 2311 4186 tuleris,
2387 4115 2477 4165 ne
2532 4095 2625 4168 ab
2682 4094 2790 4167 eis
2845 4115 3029 4190 quae
3084 4114 3255 4166 con-

344 4215 591 4292 dimus
643 4215 1021 4291 exonerari
1073 4214 1472 4290 videamur.
1564 4214 1828 4290 Omnia
1882 4222 1954 4290 et
2006 4214 2297 4309 singula
2351 4214 2753 4312 praemissa
2774 4270 2793 4308 ,
2868 4237 3053 4311 quae
3107 4222 3252 4288 sta·

339 4337 616 4415 tuimus
669 4333 1169 4412 Sacrosanctis
1222 4334 1650 4430 Evangeliis
1701 4361 1746 4410 a
1781 4335 2016 4411 Nobis
2056 4344 2128 4410 et
2161 4335 2540 4410 Fratribus
2594 4336 2887 4430 nostris,
2946 4337 3254 4431 singulis

339 4481 569 4534 manu
621 4460 834 4534 tactis
857 4497 864 4506 ·
888 4457 1155 4533 nostris
1215 4457 1631 4533 iuramentis
1701 4458 2189 4556 approbamus
2243 4464 2317 4533 et
2368 4457 2872 4534 confirmamus
2894 4514 2913 4552 ,
2984 4459 3255 4532 nostris

343 4578 915 4658 Successoribus
965 4580 1264 4656 firmiter
1317 4578 1811 4676 observanda,
1877 4581 2045 4678 ipso
2116 4581 2310 4654 facto
2375 4576 2973 4654 demonstrantes.
3065 4578 3251 4654 Acta

339 4709 522 4778 sunt
569 4702 754 4778 haee
802 4703 876 4777 in
932 4700 1270 4799 Capitulo
1322 4703 1648 4797 generali
1699 4702 1774 4777 in
1828 4701 2165 4777 Ecclesia
2229 4709 2479 4776 nostra
2531 4699 3003 4777 Cracoviensi
3063 4701 3250 4777 cele-

337 4827 580 4902 brate.
637 4824 913 4916 Quarto
966 4825 1143 4900 Idus
1197 4824 1478 4900 Mensis
1530 4824 1733 4924 Maij,
1789 4823 2001 4900 Anno
2058 4824 2355 4900 Domini
2408 4823 2800 4898 Millesimo
2854 4821 3247 4898 Trecente-

339 4947 536 5024 simo
591 4946 1213 5047 Quinquagesimo
1268 4945 1515 5023 Sexte.
