4055 6364
1373 817 1477 829 —
1590 772 1735 849 145
1842 820 1933 829 —

1506 982 1806 1083 CLXI.

448 1172 729 1257 fluibus
783 1171 1145 1273 vesperis
1202 1173 1532 1256 Praelati
1590 1173 1978 1258 interesse
2036 1174 2334 1258 debent.
2391 1176 2598 1259 Anno
2659 1177 2791 1259 159
2811 1180 2878 1259 Ο.

1329 1296 1455 1377 Die
1514 1297 1567 1379 3
1623 1295 1995 1379 octobris

414 1489 811 1565 Decretum
868 1491 959 1565 de
1016 1491 1266 1587 primis
1320 1499 1393 1566 et
1446 1491 1786 1567 secundis
1840 1490 2195 1588 Vesperis
2245 1492 2319 1565 in
2357 1492 2565 1567 festis
2619 1493 2710 1567 ad
2766 1492 3108 1590 populum

201 1610 662 1706 celebribus,
719 1613 794 1686 in
849 1614 1175 1710 proxime
1230 1615 1617 1709 praeterito
1673 1610 1747 1685 S.
1808 1610 2154 1686 Stanislai
2207 1614 2278 1685 in
2335 1614 2531 1688 Maio
2590 1615 2917 1709 generali
2971 1613 3108 1688 Ca-

196 1732 435 1829 pitulo
488 1736 777 1824 factum,
834 1735 927 1808 ad
981 1757 1143 1810 eum
1200 1734 1486 1809 modum
1552 1734 1963 1809 Reverendi
2016 1735 2311 1809 Domini
2385 1737 2638 1830 vigore
2708 1738 3112 1834 praesentis

195 1856 571 1947 generalis
626 1857 942 1956 Capituli
996 1856 1507 1933 declarandum
1563 1856 1935 1950 duxerunt,
1994 1864 2205 1953 prout
2259 1855 2630 1932 declarant
2685 1869 2846 1932 actu
2900 1883 3104 1956 prae-

198 1977 393 2050 senti
448 1979 809 2053 mediante
882 1978 1392 2054 decernentes:
1451 1988 1529 2055 ut
1582 1979 1988 2053 Reverendi
2046 1979 2338 2053 Domini
2413 2002 2662 2054 omnes
2717 1988 2788 2053 ct
2842 1981 3112 2074 singuli

197 2097 273 2171 in
321 2100 469 2194 his,
528 2124 711 2196 quae
766 2108 1181 2197 sequuntur,
1238 2102 1449 2176 festis
1506 2102 1927 2176 solennibus
1982 2110 2127 2174 tam
2181 2101 2455 2198 primis,
2514 2125 2723 2198 quam
2779 2103 3115 2176 secundis

198 2219 541 2296 intersint
592 2221 968 2320 Vesperis.
1026 2223 1112 2296 In
1150 2223 1337 2298 festo
1374 2223 1445 2297 Ν
1448 2223 1792 2297 ativitatis
1830 2222 2126 2295 Domini
2177 2246 2336 2297 cum
2384 2222 2666 2298 duobus
2704 2224 2869 2298 aliis
2903 2224 3113 2299 festis

200 2345 699 2438 sequentibus,
750 2342 997 2419 Sancti
1034 2345 1313 2420 scilicet
1352 2341 1700 2443 Stephani
1736 2354 1810 2419 et
1844 2344 1897 2419 J
1902 2345 2154 2419 oannis
2195 2344 2745 2439 Evangelistae,
2791 2343 3113 2420 Circum·-

199 2464 507 2539 cisionis
560 2467 877 2561 Domini,
932 2467 1523 2565 Epiphaniarum,
1584 2466 1966 2541 Paschatis
2022 2490 2182 2541 cum
2222 2467 2450 2541 tribus
2506 2465 3109 2563 praecedentibus

202 2595 273 2659 et
327 2586 635 2663 duobus·
673 2589 929 2664 diebus
983 2591 1471 2686 sequentibus,
1527 2589 2032 2682 Ascensionis,
2087 2588 2560 2663 Pentecostes
2615 2612 2774 2663 cum
2831 2588 3112 2664 duobus

200 2705 465 2784 diebus
500 2713 989 2807 sequentibus,
1048 2709 1561 2786 Sanctissimae
1600 2710 2003 2802 Trinitatis,
2062 2709 2410 2808 Corporis
2465 2709 2760 2801 Christi,
2818 2710 3110 2786 Natalis

200 2825 273 2903 S.
336 2830 391 2905 J
398 2833 655 2907 oannis
707 2832 1102 2930 Baptistae,
1162 2830 1582 2907 Sanctorum
1642 2831 1837 2907 Petri
1887 2840 1957 2906 et
1994 2832 2206 2907 Pauli
2258 2832 2796 2930 Apostolorum,
2856 2830 2932 2905 S.
2973 2833 3109 2905 Mi-

203 2952 485 3028 chaelis
538 2955 723 3029 alias
796 2953 1221 3030 Sanctorum
1300 2953 1634 3029 Omnium
1690 2954 2176 3049 Angelorum,
2253 2952 2584 3029 Omnium
2662 2952 3108 3047 Sanctorum,

204 3075 713 3151 Dedicationis
766 3077 1171 3171 Ecclesiae,
1227 3075 1699 3151 patronorum
1758 3075 2167 3167 Ecclesiae,
2224 3075 2434 3149 festis
2489 3072 2564 3149 S.
2622 3072 2880 3149 Crucis
2935 3075 3108 3149 duo-

204 3197 381 3294 bus,
452 3201 662 3277 festis
724 3201 1199 3275 Beatissimae
1252 3199 1583 3294 Virginis
1638 3209 1709 3274 et
1764 3199 2019 3272 Matris
2078 3198 2257 3290 Dei,
2325 3197 2897 3292 Purificationis,
2955 3195 3106 3271 An-

206 3323 715 3415 nuntiationis,
770 3321 1266 3415 Visitationis,
1323 3322 1901 3418 Assumptionis,
1962 3319 2382 3394 Nativitatis
2439 3329 2511 3393 et
2563 3318 3104 3416 Conceptionis.

204 3441 287 3516 In
342 3445 554 3520 festis
606 3453 840 3520 autem
909 3468 1091 3541 quae
1160 3453 1575 3540 sequuntur,
1648 3453 1797 3516 tum
1862 3443 2114 3539 primis
2168 3441 2577 3515 Reverendi
2647 3442 2944 3515 Domini
2995 3441 3101 3514 in·

208 3575 482 3642 teresse
528 3575 901 3642 tencantur
936 3566 1312 3664 Vesperis,
1370 3563 1499 3640 SS.
1543 3566 2061 3662 Apostolorum
2116 3563 2457 3656 Mathiae,
2516 3563 2838 3660 Philippi
2875 3571 2944 3637 et
2978 3561 3107 3638 Ja-

208 3688 393 3781 cohi,
452 3689 721 3764 Jacobi
772 3689 1095 3782 Maioris,
1153 3689 1711 3780 Bartholomaei,
1768 3687 2110 3775 Mathaei‚
2170 3683 2485 3758 Simonis
2531 3694 2604 3758 ct
2637 3682 2687 3759 J
2697 3683 2899 3778 udae,
2956 3683 3106 3757 An-

208 3807 425 3884 dreae
480 3820 551 3884 et
604 3808 679 3884 S.
737 3811 1085 3903 Thomas,
1144 3808 1220 3884 S.
1278 3811 1670 3901 Laurentii,
1729 3807 1803 3882 S.
1848 3808 2160 3897 Martini,
2218 3805 2293 3880 S.
2343 3806 2654 3898 Nicolai,
2712 3803 2790 3880 S.
2831 3806 3107 3880 Mariae

208 3929 711 4028 Magdalenae‚
744 3930 844 4008 S.
900 3932 1411 4028 Margarethae
1458 3943 1531 4006 et
1578 3930 1651 4007 S.
1705 3930 2164 4023 Catharinae,
2220 3927 2438 4025 idque
2493 3929 2628 4004 sub
2675 3950 2909 4025 poena
2960 3927 3099 4024 pri·

206 4057 519 4130 vationis
569 4057 1036 4131 refectionum
1077 4066 1149 4132 et
1184 4080 1447 4154 panum
1495 4056 1692 4130 illius
1746 4069 1870 4129 aut
1924 4052 2295 4150 sequentis
2349 4049 2516 4143 diei,
2566 4050 2639 4123 in
2678 4049 2906 4169 priori
2957 4049 3103 4122 De-

212 4186 404 4253 creto
460 4186 814 4254 contenta.

1488 4367 1833 4469 CLXII.

214 4579 506 4663 Literae
564 4578 989 4662 donationis
1041 4572 2038 4781 Advoctgtiargmoqpognodo
2095 4569 2558 4674 sigillandas.
2623 4569 2832 4698 Anno
2889 4569 3102 4652 1589.

1383 4701 1453 4782 ie
1676 4717 1718 4780 c
1759 4716 1802 4779 o
1857 4697 1986 4780 ris.

418 4894 746 4970 Tametsi
798 4893 890 4968 ad
946 4894 1088 4968 hoc
1139 4917 1367 4991 usque
1421 4901 1705 4990 tempus
1742 4917 1786 4965 a
1821 4897 2074 4965 neutra
2127 4889 2456 4986 partium,
2513 4894 2657 4961 tam
2712 4886 2862 4980 illa,
2917 4903 3116 4981 quae·

214 5013 911 5094 Reverendissimum
981 5017 1368 5092 Dominum
1430 5014 1613 5088 Loci
1668 5011 2126 5087 Ordinarium
2178 5011 2254 5085 in
2309 5009 2521 5085 bonis
2591 5009 2896 5082 alicuius
2949 5006 3101 5080 Ad-

220 5139 536 5214 vocatiae
588 5147 709 5212 aut
762 5135 1151 5213 Scultetiae
1205 5145 1470 5211 certam
1509 5136 1602 5211 ob
1641 5159 1953 5230 causam,
2011 5134 2434 5231 praesertim
2463 5153 2663 5205 ·vero
2713 5127 3108 5204 eorundem-

217 5260 557 5337 bonorum
593 5259 1238 5352 deteriorationem,
1277 5259 1630 5353 eximitur,
1671 5281 1883 5354 quam
1922 5257 2134 5330 etiam
2172 5256 2424 5349 altera,
2465 5254 2582 5328 cui
2615 5253 2808 5327 bona
2844 5248 3110 5323 Advo··

218 5385 440 5460 catiae
495 5384 605 5459 sic
656 5389 987 5482 exempta
1021 5382 1500 5476 conferuntur,
1561 5388 1685 5456 aut
1719 5379 1811 5453 ad
1866 5379 2320 5454 eximendum
2371 5401 2416 5450 a
2467 5371 3111 5449 Reverendissimo·

2708 5490 2792 5558 19
