4055 6364
2096 754 2608 835 ..64-

887 972 1053 1069 gnis
1120 970 1528 1047 firmissime
1598 970 2044 1060 observatur,
2119 969 2220 1043 ita
2292 975 2363 1042 et
2413 968 2487 1043 in
2540 966 2681 1043 hoc
2736 974 2981 1043 nostro
3054 966 3244 1065 quod
3320 968 3799 1065 amplitudine

888 1092 1224 1169 Virorum
1295 1090 1638 1168 nobilium
1701 1092 1895 1166 'nulli
1959 1089 2191 1185 cedit,
2268 1112 2407 1165 non
2462 1089 2607 1164 nisi
2662 1088 2969 1165 Nobiles
3039 1089 3131 1163 ad
3206 1090 3672 1167 Praelaturas
3728 1100 3803 1166 et

890 1213 1377 1290 Canonicatus
1429 1214 1924 1289 Ecclesiarum
1999 1211 2537 1288 Cathedralium
2602 1212 3068 1309 accipiantur.
3160 1208 3529 1308 Siquidem
3584 1212 3796 1310 ipsae

887 1337 1302 1430 Ecclesiae,
1360 1359 1501 1411 non
1555 1336 1792 1411 minus
1843 1336 2275 1411 authoritate
2351 1324 2859 1432 personarum,
2936 1355 3145 1429 quam
3201 1356 3415 1431 opum
3472 1334 3797 1432 amplitu-

888 1458 1056 1533 dine
1110 1458 1349 1533 fulciri
1406 1458 1691 1551 debent,
1749 1464 1821 1531 et
1855 1456 1930 1530 in
1967 1453 2213 1530 debito
2267 1453 2539 1531 honore
2581 1464 2653 1530 et
2686 1456 3137 1531 immunitate
3192 1480 3323 1531 sua
3378 1458 3796 1551 consistent,

895 1590 968 1655 et
1019 1580 1439 1656 habeantur.
1534 1578 1760 1654 Cuius
1816 1578 2103 1675 quidem
2160 1576 2713 1653 Constitutionis
2768 1580 3207 1676 exemplum,
3262 1579 3608 1655 mittimus
3662 1580 3798 1655 sub

897 1700 1164 1799 Sigillo
1217 1710 1487 1794 nostro,
1544 1700 1833 1777 Vestris
1883 1700 2538 1794 Dominationibus,
2594 1724 2681 1777 ac
2732 1700 3099 1776 hortamur
3140 1700 3307 1775 illas
3343 1700 3795 1776 mandamus-

896 1847 1036 1921 que
1090 1824 1414 1899 districte
1435 1880 1453 1914 ,
1531 1833 1606 1897 ut
1657 1847 1817 1897 cum
1869 1824 2111 1919 gratia
2160 1822 2553 1920 imprimis,
2630 1819 2931 1897 Ordinis
2986 1830 3057 1898 et
3110 1820 3356 1899 Status
3426 1822 3795 1898 Ecclesia-

889 1946 1055 2022 stici
1079 2003 1097 2040 ,
1172 1968 1383 2043 quem
1439 1945 1607 2019 olim
1680 1970 1812 2044 per
1881 1944 2500 2020 Praedecessores
2555 1953 2889 2039 nostros,
2965 1946 3183 2019 tantis
3253 1944 3674 2040 Privilegiis
3728 1954 3799 2019 et

891 2068 1362 2144 facultatibus
1416 2066 1735 2142 dotatum
1791 2088 2220 2164 cuperemus
2240 2124 2257 2159 ,
2328 2068 2583 2143 maiori
2635 2068 2705 2141 in
2764 2067 2923 2142 dies
2978 2066 3325 2162 dignitate
3381 2076 3453 2142 et
3501 2068 3797 2142 firmitu-

896 2190 1063 2265 dine
1117 2188 1491 2265 auctumiri
1545 2212 1688 2264 non
1744 2188 2119 2282 vulgarem
2174 2210 2465 2285 operam
2522 2188 3028 2282 adhibuimus,
3104 2212 3237 2287 pro
3291 2190 3797 2285 consequenda

893 2312 1032 2386 hac
1085 2310 1592 2387 constitutione
1646 2320 1720 2385 et
1755 2309 2139 2408 privilegio
2193 2312 2640 2407 Apostolico,
2694 2334 2829 2385 nec
2864 2334 3128 2405 magno
3182 2312 3494 2409 sumptui
3546 2320 3797 2387 nostro

893 2434 1350 2531 pepercimus
1371 2492 1388 2526 ,
1463 2440 1714 2508 curent
1777 2456 1917 2506 una
1970 2455 2129 2506 cum
2186 2432 2823 2509 Reverendissimo
2875 2434 2950 2508 in
3004 2432 3298 2509 Christo
3370 2434 3585 2509 Patre
3640 2438 3795 2509 Do-
3862 2458 3871 2471 ·

897 2556 1092 2629 mino
1141 2555 1428 2632 Joaune
1483 2555 1853 2652 Episcopo
1911 2576 2083 2648 su0‚
2142 2556 2258 2628 cui
2311 2555 2525 2630 etiam
2579 2556 2655 2629 in
2711 2578 2798 2628 ca
2850 2578 2929 2629 re
2984 2556 3447 2652 scripsimus,
3506 2569 3579 2631 et
3632 2580 3795 2654 pro·

895 2678 1214 2770 videant,
1273 2685 1351 2753 ut
1401 2678 1644 2753 nullus
1699 2676 2076 2775 deinceps,
2135 2677 2277 2753 nisi
2328 2678 2527 2751 iuxta
2583 2678 3103 2751 ordinationem
3164 2679 3469 2776 praefati
3524 2675 3799 2753 Summi

892 2801 1292 2893 Pontificis,
1347 2798 1440 2876 ad
1479 2800 1886 2874 Ecclesiam
1927 2799 2489 2875 Cracoviensem
2544 2800 3001 2893 recipiantur,
3056 2801 3363 2897 ipsaque
3417 2800 3796 2878 Ordinatio

879 2932 968 3017 ,et
1021 2923 1454 2999 Constitutio
1509 2921 1966 3019 Apostolica‚
2040 2922 2117 2995 in
2182 2922 2514 2997 omuibus
2586 2922 3119 2997 conditionibus
3190 2931 3263 2997 et
3314 2924 3568 3017 vigore
3641 2947 3794 3017 su0‚

895 3046 1264 3144 perpetuis
1317 3045 1782 3143 temporibus,
1839 3038 2355 3119 inviolabiliter
2409 3046 2855 3133 observetur,
2914 3044 3175 3139 quibus
3232 3044 3387 3119 Nos
3440 3052 3797 3141 potestate

889 3174 1150 3244 nostra
1203 3166 1441 3262 Regia
1495 3189 1783 3264 semper
1834 3165 2233 3254 aderimus,
2304 3174 2377 3242 et
2429 3173 2507 3241 ut
2559 3168 2632 3242 in
2688 3174 3054 3264 posterum
3110 3168 3592 3244 successores
3646 3166 3795 3243 No-

898 3291 1030 3366 stri
1084 3290 1364 3384 adsint,
1425 3290 1810 3385 diligenter
1861 3289 2445 3388 providebimus,
2502 3313 2639 3364 nec
2690 3289 2842 3364 ullo
2894 3288 3131 3385 modo,
3196 3297 3341 3364 tam
3392 3290 3469 3364 in
3523 3290 3796 3365 clarum

889 3420 964 3486 et
1013 3413 1190 3487 utile
1244 3411 1758 3507 Privilegium,
1829 3411 2072 3506 aliqua
2128 3433 2219 3484 ex
2274 3419 2477 3508 parte
2527 3413 2827 3506 infringi
2880 3412 3254 3508 patiemur.
3312 3413 3576 3486 Datum
3633 3411 3795 3486 Vil-

890 3556 1050 3608 nae.
1145 3531 1506 3608 Kalendis
1577 3531 1758 3609 Julii
1813 3531 2026 3606 Anno
2082 3533 2377 3608 Domini
2441 3534 2832 3610 Millesimo
2907 3532 3503 3629 Quingentesimo
3574 3530 3797 3608 Sexto

891 3655 1170 3730 decimo
1225 3654 1467 3750 Regni
1523 3654 1774 3728 Nostri
1827 3653 2155 3728 Decimo.

2150 3966 2521 4068 LXXX.

974 4174 1484 4275 Sinismundus
1539 4176 1668 4256 Dei
1728 4177 1982 4276 qratia
2039 4177 2189 4259 Rex
2246 4174 2628 4274 Potoniae,
2686 4176 3000 4277 mannus
3054 4177 3208 4258 Dux
3262 4176 3712 4274 Litlwaniae,

1353 4297 1671 4381 Russiae
1729 4299 2235 4400 Prassiaeque
2292 4299 2442 4382 ete.
2503 4299 2834 4382 dominus
2896 4301 2979 4380 et
3033 4301 3339 4381 haeres.

1100 4505 1557 4584 Manifestum
1623 4509 1927 4583 facimus
2009 4532 2140 4606 per
2210 4518 2631 4606 praesentes
2712 4510 3109 4601 universis,
3196 4509 3365 4606 quia
3444 4511 3797 4584 rationem

889 4626 1241 4704 habentes
1309 4630 1594 4706 virtutis
1649 4641 1721 4705 et
1773 4632 2221 4724 meritorum,
2288 4656 2463 4727 erga
2516 4631 2675 4708 Nos
2729 4641 2803 4707 et
2848 4632 3393 4730 Rempublicam
3451 4643 3793 4724 nostram,

891 4749 1350 4827 Venerabilis
1419 4752 1472 4829 J
1475 4754 1781 4829 ohannis
1852 4752 2296 4852 Schybling‚
2372 4756 2844 4829 Decretormn
2926 4756 3298 4847 Hectoris,
3384 4754 3795 4852 Praepositi

892 4868 1136 4947 Sancti
1209 4873 1536 4949 Floriani
1615 4874 2125 4950 Cracoviensis
2146 4932 2163 4967 ,
2247 4900 2335 4950 ac
2402 4877 2601 4952 illum
2678 4878 3054 4951 multorum
3120 4878 3471 4953 relatione
3520 4900 3797 4971 genere

889 4995 1202 5076 nobilem
1227 5053 1244 5087 ,
1312 4997 1752 5094 accipientes
1815 5007 2480 5094 cognoscentesque
2534 4998 2901 5092 idoneum,
2958 5002 3292 5093 futurum,
3348 4999 3439 5074 ad
3498 5000 3798 5074 servitia

891 5115 1368 5214 Reipublicae
1440 5128 1728 5193 nostrae
1785 5119 2117 5194 obeunda
2170 5120 2574 5215 effecimus,
2649 5121 2839 5218 apud
2896 5121 3397 5196 Reverendum
3452 5125 3522 5198 in
3580 5121 3793 5218 Chri·

892 5246 1006 5313 sto
1077 5238 1364 5313 Patrem
1437 5240 1820 5315 Dominum
1891 5240 1942 5316 J
1945 5241 2297 5318 ohannem
2352 5241 2832 5340 Episcopum,
2916 5253 2989 5317 et
3058 5243 3497 5319 Venerabile
3568 5243 3793 5342 Capi-

891 5361 1114 5436 tulum
1186 5359 1569 5438 Ecclesiae
1641 5361 2189 5459 cracoviensis,
2266 5373 2344 5441 ut
2411 5365 2611 5441 illum
2666 5365 2739 5440 in
2797 5365 3282 5462 Canonicum,
3356 5375 3429 5442 et
3480 5368 3552 5442 in
3606 5367 3791 5440 Fra-
