4055 6364
1371 768 1941 848 -125-

194 977 723 1057 confratribus
776 988 945 1056 ante
994 980 1135 1054 hac
1185 983 1436 1056 forsan
1488 982 1725 1076 factis,
1782 990 1855 1057 et
1908 982 1975 1056 si
2027 1004 2214 1080 quae
2268 990 2533 1076 essent,
2595 1006 2776 1079 quas
2829 984 3118 1057 omnino

195 1104 491 1179 nullius
560 1104 899 1177 momenti
953 1112 1025 1178 et
1076 1104 1351 1179 valoris
1422 1126 1587 1180 esse
1656 1104 1944 1198 volunt,
2018 1111 2422 1180 statuerunt
2487 1112 2558 1179 et
2623 1105 3115 1199 decreverunt,

194 1224 435 1323 idque
488 1225 932 1301 inhaerendo
985 1222 1267 1302 Statuto
1323 1226 1702 1325 capitulari
1740 1226 1829 1301 de
1864 1225 2088 1300 Villis
2145 1226 2874 1322 praestimonialibus‚
2932 1251 3120 1325 quae

202 1370 299 1421 ex
358 1349 575 1423 senio
612 1356 685 1423 et
715 1348 916 1423 iuxta
970 1350 1419 1424 vocationem
1478 1348 1862 1425 cuiuslibet
1913 1348 2388 1424 Dominorum
2435 1372 2479 1421 a
2514 1347 2940 1425 Venerabili
2977 1348 3116 1425 Ca-

200 1470 450 1567 pituio
521 1472 983 1571 conferuntur
1036 1479 1108 1545 et
1159 1473 1649 1569 providentur,
1726 1470 1961 1546 edito:
2026 1477 2107 1546 ut
2161 1470 2421 1547 amodo
2475 1478 2546 1545 et
2601 1470 2946 1569 deinceps
3009 1472 3119 1547 fu-

200 1593 399 1667 turis
458 1593 899 1690 temporibus
968 1593 1336 1691 perpetuis
1400 1596 1683 1669 Domus
1755 1592 2110 1669 eiusmodi
2181 1592 2619 1691 capitulares
2690 1616 3118 1690 quocunque

203 1714 438 1790 modo
491 1723 836 1790 vacantes
856 1728 911 1809 ,’
951 1738 1093 1791 non
1145 1717 1290 1794 iam
1346 1717 1617 1815 passim
1673 1717 2078 1814 quibusque
2130 1715 2467 1789 Dominis
2537 1714 2610 1789 N
2611 1715 2854 1790 ovitiis
2907 1724 2980 1791 et
3033 1716 3123 1790 de

203 1834 353 1910 hac
413 1836 755 1911 Ecclesia
808 1837 991 1912 nihil
1040 1840 1225 1914 bene
1279 1840 1595 1931 meritis,
1670 1838 1803 1913 sed
1854 1838 2056 1913 iuxta
2119 1836 2443 1913 ordinem
2517 1837 3123 1935 primogeniturae

205 1966 283 2033 et
337 1960 795 2034 vocationem
850 1960 1232 2036 cuiuslibet
1283 1961 1607 2059 ipsorum
1659 1962 1889 2036 instar
1939 1984 2072 2058 per
2118 1960 2356 2036 omnia
2406 1957 2763 2035 Villarum
2818 1959 3116 2058 praesti·

205 2081 638 2157 monialium
698 2084 1159 2159 conferantur
1211 2094 1281 2159 et
1336 2084 1867 2182 provideantur,
1926 2083 2155 2159 salvis
2209 2091 2443 2158 tamen
2500 2106 2634 2180 per
2680 2082 2918 2158 omnia
2968 2084 3122 2157 Do·

208 2225 499 2278 morum
556 2205 939 2279 earundem
996 2205 1529 2282 conditionibus
1584 2207 2035 2300 melioribus,
2089 2212 2170 2279 ut
2222 2204 2344 2301 qui
2397 2204 2738 2279 videlicet
2791 2205 3128 2281 meliores

210 2325 491 2421 prioris
528 2326 809 2401 Domus
848 2326 1299 2403 conditiones
1353 2352 1495 2403 non
1552 2329 1968 2425 expleverit,
2024 2328 2117 2401 ad
2176 2325 2596 2425 posterioris
2649 2350 2777 2403 seu
2831 2328 3128 2402 alterius

212 2447 712 2543 provisionem
752 2458 825 2523 et
858 2451 1385 2525 assecutionem
1424 2472 1566 2524 non
1607 2450 1867 2525 debeat
1903 2473 2069 2525 esse
2105 2448 2611 2544 admittendus,
2659 2449 2846 2525 alias
2884 2471 3125 2546 quem-

212 2568 611 2644 admodum
665 2570 861 2666 ium,
919 2569 1229 2667 Statuta,
1286 2574 1605 2647 Decreta
1658 2580 1729 2647 et
1780 2572 2190 2647 laudabiles
2241 2571 2622 2646 Ecclesiae
2676 2571 3126 2647 consuetudi-

212 2712 359 2764 nes
396 2689 490 2764 de
525 2689 747 2767 Villis
794 2695 1525 2790 praestimonialibus,
1581 2718 1965 2792 earumque
2021 2692 2556 2768 conditionibus
2609 2690 2844 2767 editae
2884 2708 2957 2767 et
2991 2716 3128 2769 usu

216 2813 673 2910 approbatae
728 2812 1139 2913 disponunt,
1196 2819 1298 2891 ita
1351 2818 1567 2892 etiam
1622 2826 1694 2892 et
1748 2816 1839 2893 de
1894 2817 2254 2891 Domibus
2307 2815 2825 2912 capitularibus
2889 2816 3130 2890 omnia

216 2934 541 3009 tenenda
575 2944 647 3010 et
691 2938 1146 3013 observanda
1184 2962 1371 3033 esse,
1428 2938 1645 3014 iidem
1683 2936 2096 3014 Reverendi
2149 2936 2444 3011 Domini
2497 2945 2950 3031 censuerunt,
3005 2938 3128 3012 de-

220 3066 613 3133 creverunt
664 3067 737 3133 et
788 3062 1315 3136 concluserunt.

1491 3269 1881 3372 CXLIV.

224 3473 335 3554 De
403 3475 648 3558 auleis
714 3495 807 3558 ex
868 3478 1236 3561 thesauro
1303 3478 1696 3561 Ecclesiae
1761 3477 2023 3559 nemini
2091 3476 2663 3561 commodandis.
2730 3479 2937 3563 Anno
2997 3479 3134 3561 Do-

730 3599 892 3680 mini
949 3601 1163 3682 1583.
1222 3601 1349 3681 Die
1402 3600 1717 3683 Veneris
1773 3599 2174 3684 undecima
2230 3600 2629 3683 Februarii.

444 3792 718 3869 Auleas
770 3795 1082 3871 maiores
1136 3819 1266 3872 seu
1318 3796 1588 3892 tapetia
1642 3794 2023 3870 Ecclesiae
2092 3793 2306 3870 huius
2358 3792 2753 3888 Magnifico
2818 3795 3134 3868 Domino

228 3913 625 3991 Valentino
702 3915 1183 3994 Dembienski
1238 3918 1659 3993 Castellano
1715 3914 2220 4009 Cracoviensi,
2277 3915 2371 3991 ad
2424 3917 2656 4013 ipsius
2719 3916 3132 4013 petitionem

230 4037 704 4135 capitularem
761 4041 877 4115 die
929 4039 1279 4117 hodierna
1333 4065 1537 4116 suum
1612 4063 1742 4138 per
1792 4039 2304 4114 internuntium
2374 4039 2680 4130 factam,
2750 4037 2844 4112 ad
2897 4046 3132 4112 actum

230 4159 607 4234 solennem
662 4163 1091 4238 matrimonii
1144 4164 1335 4238 sacri
1385 4163 1579 4238 filiae
1632 4162 1865 4260 ipsius
1918 4159 2406 4258 peragendum
2465 4168 2538 4234 ct
2589 4159 3132 4253 absolvendum,

230 4281 651 4358 Reverendi
704 4285 1002 4360 Domini
1071 4283 1528 4384 Capitulares
1584 4285 1889 4383 penitius
1941 4281 2018 4357 id
2075 4306 2318 4357 secum
2373 4289 2616 4357 mutuo
2685 4280 3135 4379 perpenden-

232 4411 377 4497 tes,
430 4405 801 4502 minusque
841 4409 983 4482 sibi
1018 4408 1289 4483 licitum
1344 4431 1509 4483 esse
1564 4406 1988 4497 iudicantes,
2046 4428 2196 4480 rem
2244 4405 2557 4501 aliquam
2614 4405 2840 4478 semel
2873 4405 2946 4478 in
2983 4404 3135 4479 lau-

234 4525 407 4600 dem
459 4535 531 4600 et
580 4528 891 4622 gloriam
943 4530 1091 4605 Dei
1144 4531 1449 4605 dicatam
1502 4537 1575 4604 et
1628 4529 2006 4622 donatam,
2063 4529 2138 4601 in
2191 4551 2367 4602 usus
2437 4527 2721 4622 aliquos
2769 4527 3135 4623 ·profanos

235 4657 313 4722 et
367 4649 781 4725 saeculares
842 4653 1277 4748 concedere,
1354 4654 1685 4727 nolentes
1738 4662 1978 4726 tamen
2033 4674 2165 4748 per
2219 4673 2376 4724 eam
2450 4649 2905 4723 occasionem
2979 4649 3137 4722 Ma-

234 4770 581 4866 gnificum
637 4771 1126 4849 castellanum
1183 4773 1743 4848 Cracoviensem
1794 4774 2196 4872 praefatum
2249 4773 2480 4849 virum
2537 4793 2844 4866 magnae
2883 4772 3133 4846 autho-

238 4891 477 4966 ritatis
530 4901 603 4966 et
655 4895 892 4970 avitae
945 4896 1324 4991 religionis
1396 4895 1860 4994 praecipuum
1930 4896 2320 4970 zelatorem
2379 4893 2521 4968 sibi
2575 4894 2920 4968 offensum
2974 4894 3137 4968 red-

240 5012 440 5107 dere,
495 5014 569 5088 in
614 5019 935 5092 favorem
990 5018 1187 5094 illius
1242 5016 1833 5093 commodandum
1890 5041 2056 5093 esse
2112 5023 2563 5109 censuerunt,
2618 5015 2722 5090 ita
2773 5021 3008 5090 tamen
3065 5022 3142 5090 ut

238 5137 521 5232 integre
575 5147 648 5214 et
702 5140 858 5216 sine
914 5141 1155 5238 aliqua
1209 5141 1631 5239 pollutione,
1687 5140 2021 5216 absoluto
2079 5139 2219 5214 hoc
2274 5144 2439 5213 actu
2494 5136 2795 5230 solenni,
2853 5134 2945 5210 ad
2984 5134 3138 5211 the·

242 5282 535 5335 sautum
590 5261 972 5338 Ecclesiae
1043 5262 1433 5368 reddantur
1504 5263 2023 5360 quamprimum
2080 5269 2152 5335 et
2203 5262 2687 5336 restituantur.
2768 5257 3141 5356 Deinceps

243 5404 417 5458 vero
472 5393 547 5458 et
596 5385 671 5458 in
724 5386 1039 5462 futurum
1074 5409 1165 5460 ne
1201 5385 1495 5461 eaedem
1531 5385 1785 5460 auleae
1824 5393 1894 5458 et
1937 5385 2208 5481 tapetia
2245 5407 2336 5458 ex
2386 5381 2725 5458 thesauro
2761 5379 3140 5454 Ecclesiae
