4055 6364
2097 752 2606 829 „82-

888 971 1090 1041 tores
1142 961 1530 1039 earundem
1604 963 1953 1039 rationum
2029 986 2316 1038 suarum
2388 962 2749 1059 Regestra
2819 986 3061 1037 eoram
3135 963 3474 1039 Dominis
3525 962 3598 1036 in
3658 960 3813 1037 Ca-

891 1086 1143 1184 pitulo,
1198 1084 1409 1161 simul
1462 1108 1622 1160 cum
1678 1085 2013 1161 omnibus
2070 1092 2142 1159 et
2177 1084 2486 1180 singulis
2543 1085 2838 1159 summis
2895 1084 3351 1183 pecuniariis,
3408 1093 3576 1183 post
3630 1107 3812 1159 con-

890 1208 1137 1283 clusas
1188 1206 1600 1283 huiusmodi
1651 1207 1971 1283 rationes
2025 1208 2509 1301 restantibus,
2583 1230 2935 1305 reponere
2989 1216 3062 1281 et
3111 1207 3454 1281 exhibere
3505 1214 3814 1281 tenean-

890 1338 1011 1406 tur
1060 1336 1136 1405 et
1186 1328 1335 1403 sint
1385 1328 1736 1407 adstricti.
1830 1328 2040 1419 Quae
2113 1330 2399 1426 quidem
2469 1328 2823 1425 Regestra
2880 1329 3028 1427 ipsi
3096 1330 3431 1421 Domini,
3503 1329 3817 1403 remotis

891 1451 1535 1545 Procuratoribus,
1611 1452 1997 1546 diligenter
2057 1451 2368 1526 lustrare
2439 1458 2653 1547 atque
2728 1451 3138 1525 examinare
3206 1451 3395 1525 inter
3447 1474 3528 1525 se
3585 1451 3814 1525 debe-

895 1574 1113 1668 bunt,
1170 1581 1243 1649 et
1296 1582 1445 1651 tum
1510 1572 1793 1649 demum
1863 1573 1980 1649 vel
2056 1596 2289 1649 novos
2357 1572 2874 1649 Procuratores
2941 1573 3254 1669 eligere,
3329 1573 3447 1647 vel
3501 1572 3810 1665 eisdem,

892 1697 959 1771 si
1010 1704 1207 1789 recte
1274 1706 1491 1794 atque
1546 1722 1639 1773 ex
1694 1697 1996 1773 utilitate
2060 1694 2380 1794 Capituli
2449 1698 2641 1771 bona
2713 1704 2928 1793 atque
3001 1695 3326 1772 redditus
3387 1710 3816 1771 communes

891 1816 1569 1912 administraverint,
1624 1841 1883 1895 munus
1937 1825 2009 1893 et
2062 1817 2379 1894 officium
2431 1817 2979 1893 Procurationis
3032 1829 3450 1916 prorogare.

2149 2130 2551 2233 XCVIII.

900 2330 1280 2421 ordinatio
1352 2336 1449 2419 de
1516 2336 1999 2421 conferendis
2073 2337 2462 2421 beneflciis
2535 2338 2969 2435 Ecclesiae,
3041 2336 3264 2420 facta
3335 2338 3403 2419 in
3471 2334 3816 2439 uenerati

898 2459 1272 2563 capituto,
1345 2460 1554 2545 Anno
1622 2458 3387 2666 ΜίΙΙεείηιῶθ(ιιιὲίηῆἰιιιὲῖξίπιῗᾶἥξιιιίηηιιαροείπιο
3458 2457 3818 2559 septimo.

1106 2793 1521 2871 Reverendi
1573 2795 1875 2869 Domini
1925 2795 1999 2869 in
2054 2794 2197 2871 hoc
2248 2794 2573 2890 generali
2633 2776 2972 2891 Capitulo
3027 2792 3492 2887 congregati,
3569 2789 3816 2867 Statu-

898 2925 1047 2991 tum
1116 2915 1535 3015 Capitulare
1609 2915 1701 2991 de
1774 2915 2232 2992 conferendis
2305 2924 2376 2989 et
2441 2913 2910 3013 providendis
2982 2914 3353 2989 beneficiis
3423 2912 3816 2989 Ecclesiae

896 3038 1111 3115 huius
1166 3037 1629 3115 Cathedralis
1680 3039 2220 3129 Cracoviensis,
2279 3039 2371 3112 de
2422 3038 2579 3113 iure
2634 3046 3056 3133 patronatus
3111 3046 3186 3111 et
3241 3036 3630 3111 collatione
3685 3060 3814 3111 ea-

896 3161 1190 3262 pitulari
1211 3220 1230 3258 ,
1300 3185 1435 3260 pro
1488 3168 1812 3260 tempore
1867 3161 2271 3256 vacaturis,
2350 3158 2540 3258 quod
2596 3158 2938 3234 videlicet
3005 3159 3410 3236 restrictum
3465 3158 3684 3234 nimis
3741 3164 3818 3232 et

899 3288 1280 3362 obscurum
1340 3293 1473 3378 est,
1533 3284 1799 3359 elarius
1852 3284 2387 3382 interpretaturi
2445 3283 2918 3358 decreverunt
2973 3283 3463 3358 conformibus
3517 3289 3813 3360 senten-

899 3408 1043 3503 tiis,
1098 3433 1188 3484 ac
1224 3407 1571 3506 deinceps
1624 3407 1886 3482 futuris
1939 3409 2386 3506 temporibus
2437 3407 2738 3481 firmiter
2791 3404 3318 3481 observandum
3374 3410 3814 3479 statuerunt:

898 3540 977 3606 ut
1029 3528 1381 3606 eiusmodi
1434 3530 1787 3605 beneficia
1838 3529 2256 3624 Ecclesiae,
2317 3554 2500 3626 quae
2555 3529 2912 3603 manualia
2968 3527 3210 3602 officia
3263 3526 3505 3624 potius
3557 3526 3816 3624 appel-

898 3653 1119 3742 landa
1171 3660 1357 3748 sunt,
1414 3651 1793 3728 videlicet:
1849 3652 2423 3746 Mansionariae,
2482 3650 2912 3744 Psalteriae,
2967 3649 3439 3724 Praebendae
3459 3704 3478 3742 ,
3543 3647 3816 3745 Capel-

900 3776 1138 3851 laniae
1176 3785 1247 3849 et
1280 3773 1562 3850 Altaria
1597 3774 1688 3850 de
1726 3774 2132 3886 collatione,
2191 3754 2791 3872 praesentatione,
2832 3773 3210 3868 electione,
3265 3770 3548 3846 vicibus
3595 3771 3816 3844 alter-

903 3898 1188 3991 nativis,
1247 3921 1335 3972 ac
1379 3897 1793 3995 provisione
1848 3897 2081 3993 ipsius
2117 3895 2576 3970 Venerabilis
2633 3894 2971 3993 Capituli,
3029 3902 3448 3969 occurrente
3503 3893 3816 3968 alicuius

899 4021 1221 4119 ipsorum
1293 4019 1707 4112 vacatione,
1782 4019 2050 4092 nemini
2123 4019 2332 4092 alteri
2385 4018 2506 4091 vel
2559 4016 2724 4091 aliis
2747 4075 2764 4110 ,
2838 4017 2980 4090 nisi
3049 4017 3397 4092 ministris
3449 4024 3524 4090 et
3577 4015 3819 4090 servis

903 4143 1313 4237 Ecclesiae,
1390 4148 1557 4216 actu
1626 4140 2091 4238 Presbyteris
2147 4150 2218 4214 et
2271 4140 2464 4213 eirca
2537 4139 2944 4213 Ecclesiam
3009 4162 3141 4236 per
3193 4163 3275 4214 se
3327 4137 3820 4214 residentibus

906 4273 978 4341 ct
1025 4263 1547 4356 laborantibus,
1605 4262 1931 4357 beneque
1988 4262 2262 4336 meritis
2317 4260 2683 4359 provideri
2739 4261 3051 4334 debeant
3096 4269 3169 4335 et
3205 4259 3533 4353 conferri,
3591 4258 3818 4354 idque

904 4387 1025 4462 vel
1078 4409 1165 4462 eo
1221 4385 1644 4483 praecipue,
1702 4392 1781 4458 ut
1832 4383 2069 4459 cultus
2125 4383 2412 4458 divinus
2465 4385 2805 4458 attentius
2860 4391 2932 4456 et
2985 4406 3142 4458 cum
3199 4383 3460 4458 decore
3529 4379 3816 4477 peragi,

904 4508 1509 4605 residentiumque
1564 4503 2033 4581 Sacerdotum
2085 4507 2311 4580 maior
2371 4505 2772 4601 frequentia
2825 4504 3079 4580 haberi
3129 4504 3367 4602 possit
3417 4503 3616 4578 eirca
3667 4500 3818 4576 Ec-

908 4633 1203 4706 clesiam
1270 4630 1785 4728 praelibatam,
1860 4629 2075 4704 simul
2147 4630 2356 4703 etiam
2431 4653 2523 4703 ex
2575 4649 2701 4714 e0,
2779 4635 2857 4702 ut
2906 4626 3203 4702 Domini
3273 4623 3686 4701 Reverendi
3739 4623 3820 4696 in

912 4753 1407 4828 vacationibus
1478 4752 1808 4826 molestia
1878 4751 2472 4826 intercessionum
2543 4773 2672 4846 pro
2729 4750 2962 4824 minus
3035 4749 3278 4843 dignis
3345 4747 3464 4822 vel
3535 4745 3818 4822 meritis

908 4875 1243 4974 personis
1264 4929 1285 4963 ,
1360 4897 1545 4971 quae
1594 4874 1757 4948 fieri
1812 4873 2086 4967 solent,
2161 4895 2408 4947 carere
2479 4872 2760 4968 possint
2812 4879 2885 4946 et
2937 4894 3101 4947 esse
3155 4871 3501 4947 excusati„
3593 4867 3814 4944 Mini-

910 5005 1101 5074 stros
1172 5004 1407 5072 autem
1478 4995 1861 5072 Ecclesiae
1931 5018 2075 5070 non
2129 4995 2316 5070 alios
2367 4992 2880 5088 intelligendos
2954 5016 3118 5070 esse
3181 4995 3597 5078 voluerunt,
3671 4990 3819 5068 nisi

907 5118 1405 5220 principaliter
1470 5117 1844 5194 Notarium
1917 5126 1988 5192 et
2059 5115 2828 5192 vice-Procuratorem
2899 5114 3356 5214 Capitulares
3426 5138 3560 5214 pro
3630 5122 3812 5192 tem-

908 5265 1086 5341 pore
1140 5241 1552 5335 existentes,
1609 5239 1869 5318 deinde
1924 5238 2286 5316 Clericum
2343 5237 2692 5337 Capellae
2747 5234 2823 5312 S.
2881 5236 3294 5335 TrinitatiS,
3349 5237 3814 5336 Ablatistam,

911 5362 1495 5462 Chorologistam
1516 5419 1535 5457 ,
1606 5363 1937 5460 aliosque
1990 5361 2474 5460 Presbyteros
2527 5362 2838 5458 probos,
2897 5362 3022 5458 qui
3074 5385 3205 5461 per
3257 5359 3550 5458 aliquod
3604 5368 3814 5442 nota-
