4055 6364
2063 731 2640 820 -318-

3667 952 3752 1004 Pa
3785 954 3814 1005 ’.

1152 1018 1311 1087 CIV.
1361 1020 1450 1087 Ut
1512 1020 1803 1086 absentes
1871 1016 2176 1087 Canonici
2241 1039 2388 1086 suos
2435 1019 2880 1085 Procuratores
2943 1019 3220 1087 habeant
3285 1019 3608 1106 (statutum
3755 966 3795 1021 g

1565 1110 1897 1185 Capitulare
1945 1115 2131 1183 1558,
2179 1108 2328 1172 Cod.
2375 1110 2480 1187 IV,
2523 1110 2599 1187 V,
2641 1110 2745 1186 VI,
2791 1108 2905 1189 IX)
2947 1154 3612 1174 ......
3715 1108 3806 1174 86

1180 1191 1309 1261 CV.
1360 1194 1453 1261 De
1498 1194 1699 1260 MIssa
1742 1214 1855 1366 pr)o
1901 1194 2178 1279 peccatis
2208 1198 2527 1273 (statutum
2556 1196 2893 1273 capitulare
2943 1200 3130 1271 1563,
3177 1196 3327 1261 Cod.
3369 1199 3478 1273 IV,
3525 1198 3602 1279 V,

1570 1284 1674 1362 VI,
1718 1286 1809 1345 IX
1898 1327 3614 1349 ..............
3717 1283 3804 1348 87

1152 1367 1312 1434 CVI.
1362 1368 1457 1435 De
1526 1366 2110 1435 Anniversariorum
2181 1368 2572 1450 portionibus
2617 1366 2944 1455 (statutum
3007 1372 3342 1449 capitulare
3411 1374 3596 1453 1563,

1560 1458 1709 1521 cod.
1757 1457 1859 1536 lv,
1904 1458 1972 1530 v,
2016 1458 2120 1535 w,
2163 1456 2280 1536 lx)
2331 1502 3609 1523 ...........
3716 1456 3806 1521 88

1112 1540 1301 1608 CVII.
1351 1540 1584 1608 Contra
1626 1543 1977 1625 proditores
2024 1543 2408 1711 secretorum
2454 1544 2774 1625 (statutum
2821 1544 3155 1622 Capitulare
3203 1549 3396 1626 1564,
3442 1545 3588 1608 Cod.

1558 1632 1659 1709 lv,
1705 1632 1774 1710 v,
1820 1632 1923 1710 VI,
1966 1632 2058 1691 lx
2150 1675 3602 1699 ............
3711 1630 3800 1695 88

1072 1715 1300 1782 CVIII.
1349 1715 1444 1783 De
1489 1718 1843 1801 praesentia
1888 1720 1952 1781 in
1994 1716 2246 1801 Vigiliis
2293 1718 2358 1783 et
2391 1716 2592 1782 Missa
2635 1717 3216 1783 Anniversariorum
3257 1720 3586 1799 (Statutnm

1561 1804 1895 1881 Capitulare
1944 1809 2135 1884 1564,
2181 1806 2329 1869 Cod.
2375 1806 2478 1884 IV,
2525 1806 2598 1885 V,
2642 1806 2748 1884 VI,
2794 1803 2912 1886 IX)
2939 1850 3604 1870 ......
3712 1804 3802 1869 89

1140 1888 1308 1955 CIX.
1358 1890 1444 1957 Ut
1484 1889 1818 1957 fideiussor
1862 1910 1973 1974 pro
2018 1892 2165 1955 taxa
2211 1891 2294 1955 sit
2338 1891 2618 1957 residens
2657 1894 2974 1975 (statutum
3013 1892 3346 1969 capitulare
3397 1893 3584 1971 1564,

1560 1979 1705 2041 Cod.
1756 1980 1856 2059 IV,
1901 1979 1973 2058 V,
2018 1980 2122 2058 VI,
2169 1979 2286 2057 IX)
2408 2023 3598 2045 ..........
3707 1978 3798 2043 90

1152 2060 1307 2129 ·.CX
1356 2063 1587 2130 Contra
1618 2064 2009 2147 negligentes
2049 2064 2434 2147 septimanas
2473 2065 2796 2150 (statutum
2826 2065 3158 2143 Capitulare
3198 2071 3391 2149 1564,
3433 2068 3589 2132 cod.

1132 2236 1304 2305 CXI.
1344 2238 1531 2303 Bulla
1577 2238 1672 2303 Pii
1722 2239 1929 2321 Papae
1974 2237 2106 2304 IV
2131 2256 2319 2319 super
2361 2238 2563 2304 forma
2608 2238 2946 2305 iuramenti
2988 2238 3398 2323 professionis
3442 2238 3590 2305 fidei

1559 2322 1918 2391 Catholicae
1964 2325 2142 2409 (Cod.
2187 2328 2270 2403 Π,
2315 2328 2426 2407 ΙΧ,
2472 2345 2627 2390 anno
2679 2323 2873 2408 1564)
2938 2372 3606 2393 ......
3710 2326 3798 2391 91

1095 2409 1295 2481 CXII.
1343 2412 1433 2478 Ut
1476 2410 1835 2494 Capitulum
1874 2412 2074 2477 Feriis
2111 2410 2344 2495 quintis
2391 2416 2674 2496 tempore
2713 2412 3244 2496 Quadrageeimae
3279 2412 3389 2481 fiat
3420 2414 3588 2499 (Sta-

1555 2504 1743 2561 tutum
1793 2501 2127 2577 Capitulare
2177 2503 2360 2573 1565,
2409 2501 2555 2563 Cod.
2603 2502 2701 2575 IV,
2749 2502 2817 2573 V,
2860 2501 2964 2581 VI,
3013 2500 3216 2583 IX).
3331 2550 3346 2566 .
3711 2499 3804 2565 94

1071 2584 1297 2652 CXIII.
1352 2585 1447 2652 De
1492 2586 1653 2651 taxis
1699 2585 2010 2669 praesenti
2079 2604 2220 2651 aere
2273 2585 2589 2651 solvendis
2637 2588 2960 2673 (statutum
3007 2588 3344 2666 Capitulare
3394 2550 3608 2671 1565,-

1557 2674 1701 2738 ooa.
1748 2676 1968 2754 1v,v,
2015 2671 2273 2755 V1,1x)
2414 2720 3604 2741 ..........
3709 2674 3804 2740 94

1062 2758 1295 2826 CXIV.
1348 2759 1441 2825 De
1485 2758 2067 2827 Anniversariorum
2139 2758 2530 2842 portionibus
2595 2764 2914 2839 (statutum
2982 2762 3318 2841 Capitulare
3395 2768 3586 2846 1567,

1559 2847 1707 2912 Cod.
1756 2847 1860 2926 IV,
1907 2850 1997 2927 V,
2024 2850 2130 2928 VI,
2175 2847 2291 2923 IX)
2414 2895 3602 2916 ..........
3706 2848 3798 2913 95

1106 2932 1300 2999 CXV.
1350 2933 1445 2999 De
1492 2934 1731 2999 decima
1776 2933 2097 3017 Regentis‚
2165 2935 2424 3017 eiusque
2472 2936 2651 3001 Anno
2699 2936 2937 3019 gratiae
2982 2935 3301 3019 (statutum
3347 2938 3589 3015 Capitu-

1553 3024 1673 3084 lare
1722 3026 1913 3101 1569,
1959 3023 2107 3085 Cod.
2154 3022 2250 3094 IV,
2295 3022 2367 3101 V,
2412 3022 2512 3096 VI,
2557 3024 2674 3103 ΙΧ)
2799 3072 3598 3089 .......
3700 3020 3794 3086 95

1059 3058 1289 3174 CXVI.
1340 3106 1680 3174 Seminatio
1754 3108 2001 3174 tantum
2047 3108 2362 3173 veteribus
2431 3108 2600 3192 agris
2667 3109 2929 3174 debetur
3001 3111 3063 3173 in
3116 3108 3586 3177 Praestimoaiis

1558 3198 1873 3274 (Statutum
1924 3198 2261 3274 Capitulare
2311 3202 2494 3271 1570,
2543 3199 2688 3259 Cod.
2734 3199 2836 3274 IV,
2887 3200 2958 3275 V,
3005 3200 3108 3277 VI,
3154 3197 3340 3280 IX).
3455 3247 3470 3262 .
3581 3245 3600 3262 .
3705 3197 3798 3261 96

1026 3279 1289 3347 CXVII.
1338 3282 1551 3349 Poena
1588 3284 1801 3348 contra
1839 3301 1965 3346 non
2004 3283 2326 3365 explentes
2355 3282 2742 3348 conditiones
2789 3285 2853 3347 in
2882 3283 3066 3348 Villis
3093 3245 3581 3362 ’praestimonia-

1546 3368 1712 3435 libus
1760 3370 2074 3450 (Statntnm
2122 3371 2455 3448 Capitulare
2506 3376 2688 3444 1570,
2737 3371 2882 3434 Cod.
2931 3373 3033 3451 IV,
3078 3373 3147 3442 V.
3191 3374 3294 3452 VI,
3339 3375 3465 3452 IX)
3579 3421 3596 3437 .
3699 3371 3792 3434 9¹1

998 3453 1292 3520 CXVIII.
1343 3455 1433 3521 De
1478 3455 1827 3522 Vindemiis
1874 3457 2196 3538 (statutum
2243 3457 2578 3535 Capitulare
2630 3463 2825 3538 1570,
2873 3459 3018 3520 Cod.
3067 3461 3168 3538 IV,
3213 3461 3281 3530 V,
3327 3461 3436 3532 VI,
3485 3461 3612 3540 IX)
3700 3460 3792 3524 98

1055 3541 1290 3608 CXIX.
1339 3541 1723 3609 Protestatio
1772 3544 1991 3608 contra
2034 3543 2448 3624 praemissum
2498 3544 2833 3610 Decretum
2879 3544 3204 3628 (statutum
3251 3547 3584 3625 Capitulare

1548 3637 1731 3704 1570,
1778 3631 1927 3694 cod.
1976 3633 2080 3704 IV,
2129 3633 2195 3704 V,
2241 3633 2349 3713 VI,
2405 3633 2522 3712 IX)
2538 3677 3591 3697 .........
3697 3632 3790 3696 99

1089 3714 1295 3782 CXX.
1343 3717 1435 3784 De
1479 3717 1695 3782 liberis
1732 3717 1981 3801 pascuis
2021 3717 2330 3783 Villarum
2366 3717 2664 3794 Concae,
2707 3717 3057 3800 Zagorzyce
3094 3718 3158 3783 et
3191 3716 3386 3785 Tanie
3425 3720 3578 3804 (Sta-

1546 3809 1735 3866 tutum
1781 3806 2118 3881 Capitulare
2166 3810 2354 3886 1572,
2404 3805 2550 3866 Cod.
2597 3807 2703 3884 IV,
2748 3807 2822 3880 V,
2867 3807 2970 3876 VI,
3014 3804 3198 3886 IX).
3313 3857 3328 3870 .
3573 3855 3588 3872 .
3693 3805 3786 3869 99

1053 3888 1297 3955 CXXI.
1350 3891 1437 3956 Ut
1481 3890 1917 3972 deputationes
1960 3890 2375 3956 Dominorum
2427 3891 2502 3954 ad
2553 3891 2806 3976 negotia
2851 3891 3173 3956 Ecclesiae
3237 3911 3312 3956 ex
3358 3855 3576 3958 ordine

1546 3980 1608 4042 et
1651 3979 1821 4042 iuxta
1865 3979 2257 4044 vocationem
2323 3978 2746 4061 cuiuscunque
2797 3977 3209 4044 observentur
3259 3979 3581 4061 (Francisci

1540 4067 1845 4128 KrasInski
1890 4069 2042 4144 Eppi
2087 4067 2420 4130 Cracovien.
2477 4071 2660 4139 1574,
2709 4067 2855 4127 Cod.
2901 4069 2979 4140 Π,
3025 4065 3196 4146 ΙΧ).
3314 4114 3329 4130 .
3448 4117 3463 4132 .
3576 4115 3591 4130 .
3659 4066 3790 4131 100

1014 4149 1285 4219 CXXII.
1337 4151 1659 4218 Ordinatio
1707 4150 1783 4216 de
1817 4151 2324 4235 deputationibus
2369 4152 2444 4217 ad
2485 4112 2720 4218 limit’es
2768 4153 2832 4216 et
2860 4153 2983 4217 alia
3015 4153 3220 4217 officia
3257 4153 3429 4218 iuxta
3466 4171 3568 4218 se-

1546 4239 1721 4303 nium
1768 4241 2089 4320 (Francisci
2131 4241 2440 4301 Krasinski
2489 4245 2676 4319 1574,
2724 4239 2870 4301 Cod.
2914 4241 3022 4319 IV,
3069 4241 3143 4321 V,
3189 4243 3293 4313 VI,
3341 4238 3461 4324 IX)
3574 4287 3590 4304 .
3657 4239 3780 4304 101

978 4325 1281 4392 CXXIII.
1334 4325 1533 4410 Super
1579 4326 1764 4390 rebus
1810 4327 1888 4390 ab
1933 4313 2250 4390 intestatis
2295 4325 2620 4407 Episcopis
2661 4287 2984 4391 derelictis
3060 4345 3170 4407 per
3213 4324 3574 4408 Capitulum

1545 4411 1949 4494 disponendis
1986 4414 2314 4493 (Statutum
2338 4414 2670 4490 Capitulare
2710 4417 2900 4492 1576,
2933 4413 3078 4475 Cod.
3108 4415 3216 4494 IV,
3243 4415 3318 4477 V.
3349 4415 3455 4486 VI,
3483 4414 3600 4495 IX)
3655 4414 3783 4479 103

984 4497 1281 4565 CXXIV.
1334 4505 1530 4584 Super
1591 4497 1844 4564 Indulto
1892 4497 2259 4580 Apostolico
2329 4518 2437 4564 sex
2499 4502 2810 4565 mensium
2857 4498 3179 4584 (Statutnm
3227 4501 3564 4578 capitulare

1540 4592 1732 4667 1576,
1784 4588 1931 4649 God.
1979 4589 2089 4666 IV,
2134 4589 2206 4660 v,
2252 4589 2357 4666 VI,
2404 4585 2524 4671 ιιι)
2653 4633 3584 4652 ........
3649 4588 3780 4654 106
3867 4657 3876 4666 ,

1016 4671 1280 4739 CXXV.
1330 4669 1676 4754 Qualitates
1720 4673 1785 4737 in
1835 4672 2380 4737 distributionibus
2427 4672 2736 4738 Villarum
2783 4672 3198 4739 attendendae
3247 4674 3572 4752 (statutum

1537 4762 1873 4838 Capitulare
1923 4766 2105 4835 1576,
2154 4760 2298 4823 Cod.
2347 4763 2450 4833 IV,
2495 4763 2566 4832 V,
2613 4762 2720 4840 VI,
2767 4761 2884 4840 IX)
2915 4807 3584 4826 ......
3649 4763 3778 4826 108

990 4846 1270 4912 CXXVI.
1323 4845 1417 4912 De
1466 4847 1786 4926 explendis
1834 4864 1945 4928 per
1990 4845 2339 4912 residentes
2373 4846 2674 4911 Dominos
2722 4847 2798 4910 ad
2831 4845 3049 4912 Altare
3098 4846 3298 4912 maius
3345 4847 3566 4913 Missis

1534 4952 1647 5015 pro
1695 4933 2082 5011 absentibus,
2135 4935 2202 4996 et
2245 4933 2498 4998 easdem
2543 4932 2777 4998 Missas
2822 4932 3309 5017 negligentibus,
3361 4934 3570 5000 decla·

1530 5021 1685 5085 ratio
1735 5020 2056 5102 (Statutum
2107 5022 2440 5098 Capitulare
2490 5026 2674 5093 1576,
2722 5020 2870 5084 Cod.
2917 5023 3027 5099 IV,
3073 5023 3149 5098 V,
3194 5023 3299 5090 VI,
3345 5023 3462 5104 IX)
3566 5073 3585 5089 .
3647 5023 3776 5088 109

955 5108 1268 5174 CXXVII.
1320 5108 1415 5173 De
1448 5105 1931 5172 Coadiutoribus
1971 5106 2376 5172 admittendis
2415 5106 2492 5171 ad
2525 5105 2870 5172 Ecclesiam
2899 5108 3209 5172 ordinatio
3243 5110 3566 5190 (Statutum

1532 5195 1867 5274 Capitulare
1917 5199 2108 5275 1578,
2156 5195 2303 5257 Cod.
2349 5195 2457 5273 IV,
2494 5197 2577 5274 .V,
2623 5195 2730 5272 VI,
2775 5195 2891 5275 IX)
2908 5241 3578 5261 ......
3647 5199 3772 5262 112

910 5281 1281 5350 CXXVIII.
1336 5282 1428 5348 De
1477 5282 1747 5366 quinque
1794 5280 2011 5346 Missis
2061 5280 2382 5365 explendis
2431 5280 2747 5367 (statutum
2797 5283 3123 5360 capitulare
3169 5287 3367 5362 1579,
3428 5283 3568 5347 Cod.

1528 5371 1611 5452 11,
1652 5369 1759 5454 ιιι)
1870 5415 3576 5436 ..............
3642 5371 3772 5437 113
