4055 6364
1537 769 2003 861 -39-

315 978 732 1077 imperium3
787 976 880 1053 de
937 1002 1296 1053 consensu
1349 976 1671 1077 Capituli
1720 979 1973 1055 Nostri
2031 968 2383 1076 praedicti
2436 982 2819 1069 statuimus
2868 991 3217 1079 perpetuo
3298 1046 3303 1049 .

318 1100 889 1176 observandum:
931 1100 1123 1197 quod
1162 1100 1569 1196 quicunque
1605 1102 2015 1175 beneficiati
2050 1100 2456 1199 Ecclesiae,
2515 1102 2852 1179 Civitatis
2888 1114 2961 1189 et
2992 1105 3217 1179 Dioca

317 1225 510 1298 cesis
563 1224 879 1297 Nostrae
929 1221 1364 1319 praedictae,
1423 1223 1895 1316 Dignitatem,
1950 1222 2427 1299 Personatum
2484 1225 2602 1299 vel
2658 1224 3021 1321 Officium,
3077 1223 3217 1301 Ca-

313 1345 728 1420 nonicatum
784 1369 944 1419 cnm
1003 1344 1446 1441 plenitudine
1499 1344 1553 1419 J
1559 1345 1706 1439 uris
1759 1344 2123 1419 Canonici-
2164 1346 2237 1419 in
2289 1346 2661 1443 praedicta
2713 1347 2983 1423 Nostra
3039 1330 3214 1423 Orass

317 1466 644 1541 coviensi
696 1465 1040 1540 Ecclesia
1113 1466 1578 1559 obtinuerint,
1665 1468 1756 1539 ab
1813 1467 2005 1540 omni
2087 1466 2141 1541 J
2146 1468 2627 1542 urisdictione.
2698 1466 3217 1566 Capitulonum,

314 1588 800 1679 Decanorum,
860 1584 1470 1684 praepositorum,
1529 1587 2223 1663 Archidiaconorum
2279 1589 2716 1683 officialium
2740 1662 2752 1669 ,
2774 1599 2845 1685 et
2877 1590 3219 1687 Judicum

317 1708 746 1793 Nostrorum
803 1732 1387 1805 quorumcunque
1457 1706 1924 1784 Generalium
1998 1718 2071 1784 et
2125 1707 2587 1808 Specialium,
2658 1722 3007 1809 perpetuo
3064 1714 3225 1802 sint

318 1831 674 1928 exempti,
747 1833 958 1905 tracti
1014 1853 1298 1927 quoque
1351 1855 1594 1906 coram
1665 1833 1794 1921 eis,
1853 1833 1973 1906 vel
2025 1833 2269 1929 aliquo
2342 1856 2610 1926 eorum,
2660 1858 2827 1927 -11011
2899 1843 3227 1915 tenentur

317 1952 761 2050 respondere
816 1978 908 2027 ex
943 1953 1171 2028 titulis
1227 1954 1575 2028 dictorum
1633 1956 2163 2048 beneficiorum,
2218 1956 2359 2029 nisi
2398 1957 2956 2054 per-specialem
3011 1956 3223 2051 Com*

321 2075 738 2150 missionem
775 2076 1137 2165 Nostram,
1195 2085 1322 2151 aut
1353 2076 1782 2151 Nostrorum
1831 2074 2370 2170 Successorum,
2421 2079 2815 2179 superlioc
2844 2079 2968 2172 ⁷cis·
2984 2079 3223 2171 ,facul-

321 2206 434 2273 tas
487 2198 836 2297 specialis
890 2199 984 2272 sit
1038 2220 1427 2292 concessa,
1503 2198 1822 2295 alioquin
1895 2200 2128 2273 omnis
2203 2198 2609 2275 Processus
2659 2201 2749 2293 in.
2790 2202 3225 2295 copti-alium

320 2322 643 2417 ipsorum
697 2321 1116 2395 fulminatus
1170 2322 1416 2397 irritus
1471 2323 1566 2395 sit
1617 2322 1784 2418 ipso
1839 2322 2034 2411 facto
2090 2330 2161 2395 et
2212 2322 2527 2413 inanis.
2563 2321 2952 2417 Actumin
2982 2320 3225 2420 Capi-

321 2430 490 2519 tulo'
525 2444 798 2517 Nostro
855 2439 1077 2534 Sexto
1132 2443 1308 2517 Idus
1362 2443 1682 2540 Aprilis,
1741 2444 1954 2516 Anno
2007 2444 2305 2517 Domini
2345 2443 3223 2539 Mfflesimorssllresiente·

323 2566 531 2660 simo,
589 2564 971 2659 Vigesimo
1028 2563 1333 2655 Octavo.
2600 2615 2604 2619 -

1474 2795 2097 2803 -———-—-————————

322 3000 766 3102 sequuntur
816 2998 1137 3083 statuta
1192 2997 1400 3082 edita
1447 3020 1584 3103 per
1622 2999 2080 3085 Bedzantam
2138 2998 2575 3102 Episcopum
2631 2997 3232 3083 cracoviensem.

1675 3195 1912 3346 xm.

331 3454 435 3537 ne
495 3474 744 3558 poena
812 3455 975 3536 iata
1040 3455 1314 3537 eontra
1375 3403 2018 3554 transgressores
2087 3453 2377 3538 statuti
2434 3456 2519 3535 et
2571 3454 2800 3556 primo
2869 3452 2963 3536 de
3030 3417 3239 3536 Anno

1191 3578 1490 3677 gratiae
1545 3577 1938 3660 Fratribus
1996 3594 2398 3660 concesso.
2526 3689 2537 3697 =

550 3787 834 3864 Dudum
891 3812 1023 3886 per
1071 3787 1428 3865 Joannem
1485 3787 1954 3885 Episcopum,
2030 3789 2191 3885 piae
2253 3788 2642 3862 memoriae
2712 3785 3241 3864 Praedecess0=

331 3933 486 3984 rem
525 3919 846 3984 nostrum
886 3920 958 3984 et
992 3909 1404 4009 Capitulum
1454 3908 1966 4001 Cracoviense‚
2024 3910 2411 3984 salubriter
2465 3917 2579 3984 est
2629 3917 2991 4002 statutum,
3050 3909 3241 4006 quod

209 4077 224 4088 ·
333 4033 638 4124 fructus,
696 4032 970 4106 reditus
1027 4040 1098 4107 et
1141 4042 1536 4130 proventus
1590 4033 2012 4127 Dignitatis,
2070 4039 2499 4127 personatus
2552 4032 2673 4105 vel
2725 4030 2969 4106 Villae
3024 4030 3242 4138 Capi·

335 4154 490 4248 tuli,
546 4155 737 4228 inter
789 4153 1238 4229 Executores
1293 4155 1635 4246 defuncti,
1689 4155 1893 4229 cuius
1948 4175 2213 4251 corpus
2257 4155 2328 4226 in
2366 4154 2530 4251 ipsa
2581 4151 2926 4227 Ecclesia
2976 4133 3243 4240 Craco}

337 4277 573 4350 viensi
629 4275 747 4350 vel
803 4277 958 4351 eius
1013 4275 1382 4352 Cimiterio
1437 4277 1652 4352 fuerit
1704 4277 2150 4369 tumulatum,
2208 4284 2280 4350 et
2324 4275 2481 4350 eius
2531 4274 3015 4350 immediatum
3072 4275 3245 4362 Suc-

341 4419 710 4472 cessorem
765 4397 954 4472 iuste
1013 4423 1140 4495 per
1178 4398 1486 4486 medium
1543 4399 2055 4488 dividerentur,
2113 4398 2314 4471 iuxta
2368 4419 2711 4471 summam
2768 4405 2841 4470 et
2892 4397 3245 4494 quantita-

341 4529 484 4592 tem
523 4517 614 4594 de
652 4541 794 4615 qua
843 4519 1028 4594 alias
1083 4519 1362 4594 decima
1415 4520 1718 4616 Papalis
1770 4521 1843 4592 in
1897 4518 2247 4594 Dioecesi
2299 4527 2547 4592 nostra
2602 4518 2791 4593 solvi
2845 4519 3241 4593 consuevit.

343 4639 874 4738 Quamquidcm
913 4640 1362 4730 divisionem,
1422 4641 1590 4737 quia
1626 4641 1952 4716 nonnulli
2005 4641 2306 4716 Fratres
2357 4639 2609 4732 nostri,
2668 4638 3027 4715 defunctis
3078 4639 3248 4713 aliis

339 4765 418 4837 in
471 4765 850 4840 beneficiis
917 4765 1299 4839 Ecclesiae
1355 4773 1644 4839 nostrae
1701 4761 2191 4838 Succedaneis
2243 4764 2490 4838 facere
2541 4751 2959 4858 negligunt,
3025 4761 3249 4859 pluri·

343 4889 482 4962 bus
551 4887 764 4962 annis
828 4888 926 4990 in*
959 4887 1216 4962 salutis
1298 4887 1634 4982 propriae
1705 4909 1848 4960 non
1920 4885 2277 4960 modicum
2350 4885 2871 4978 detrimentum,
2945 4908 3107 4958 cum
3176 4886 3252 4958 in

341 5009 766 5107 receptione
838 5032 970 5084 sua
1041 5031 1388 5105 expresse
1457 5008 1876 5106 promittant
1951 5017 2022 5083 et
2093 5009 2331 5083 iurent
2398 5015 2649 5083 tenere
2717 5016 2788 5081 et
2858 5007 3253 5082 observare

342 5133 668 5208 eiusdem
743 5131 1123 5206 Ecclesiae
1196 5129 1776 5206 Consuetudines
1829 5139 1902 5204 et
1953 5127 2259 5205 statuta.
2353 5129 2514 5205 Nos
2580 5130 2829 5226 igitur·
2872 5108 3253 5220 ,Bodzanta

341 5255 618 5329 Divina
690 5261 766 5326 et
836 5253 1304 5351 Apostolicae
1384 5249 1598 5327 Sedis
1625 5319 1642 5336 .
1677 5251 2133 5350 providentia
2208 5252 2617 5350 Episcopus
2697 5258 2768 5326 et
2842 5247 3251 5348 Capitulum

339 5376 882 5472 Cracoviense„
919 5376 1330 5467 huiusmodi
1367 5377 1880 5472 negligentiam
1918 5375 2403 5474 periculosam
2438 5373 3019 5464 hacadiectione
3063 5394 3249 5471 pene

487 5485 502 5494 ’
2900 5491 2946 5558 2
