4055 6364
2048 700 2614 776 „153-

878 909 1184 1006 pecunia
1223 908 1672 994 solventium,
1731 906 2051 982 Calicem
2100 932 2389 982 aureum
2446 909 2536 982 ad
2593 911 2829 984 minus
2884 910 3349 986 ducentorum
3402 936 3787 992 aureorum

877 1030 1448 1126 hungaricalium
1507 1031 1770 1128 pretio.
1804 1054 2243 1128 appensum,
2316 1030 2699 1106 Ecclesiae
2754 1056 2843 1106 ac
2897 1031 3225 1129 Sponsae
3280 1057 3457 1110 suae
3506 1037 3583 1114 in
3638 1037 3787 1109 vim

881 1161 1290 1228 contractus
1363 1151 1759 1249 spiritualis
1831 1153 2148 1227 foederis
2205 1155 2567 1246 conferat,
2642 1163 2765 1230 aut
2816 1155 3014 1230 illius
3068 1157 3387 1231 valorem
3442 1157 3515 1230 in
3571 1181 3784 1260 prae-

878 1277 1066 1350 senti
1118 1284 1371 1373 parata
1424 1276 1730 1373 pecunia
1785 1277 2173 1372 persolvat,
2232 1300 2363 1374 pro
2404 1300 2543 1372 qua
2581 1276 3014 1352 Procurator
3059 1276 3373 1374 Capituli
3410 1302 3573 1352 cum
3612 1302 3785 1354 con-

877 1397 1042 1472 silio
1113 1395 1457 1472 Custodis
1528 1399 1646 1471 vel
1717 1395 2041 1472 Senioris
2130 1398 2446 1473 Praelati
2530 1398 2851 1474 Calicem
2930 1401 3167 1497 ipsum
3263 1403 3783 1500 quamprimum

877 1521 1133 1594 confici
1191 1521 1504 1610 curabit,
1563 1521 1746 1594 alias
1783 1521 1874 1594 ad
1911 1521 2475 1595 installationem
2514 1531 2587 1596 et
2620 1523 3105 1619 receptionem
3142 1523 3553 1596 huiusmodi
3606 1523 3785 1622 Epi-

878 1643 1083 1740 scopi
1141 1644 1258 1716 vel
1315 1643 1428 1717 sui
1481 1642 1982 1718 Procuratoris
2036 1641 2475 1718 Venerabile
2532 1641 2937 1742 Capitulum
2995 1667 3135 1719 non
3192 1646 3571 1720 tenebitur.

2038 1905 2611 2057 chxxni.

1500 2163 1604 2246 ne
1659 2163 2217 2248 muniverant-iis
2270 2163 2659 2248 statutum
2718 2166 3161 2268 capitulare.

1084 2374 1652 2452 Considerantes
1723 2375 2133 2451 Reverendi
2208 2377 2503 2451 Domini
2574 2401 2909 2472 magnam
2983 2379 3179 2453 circa
3256 2377 3787 2458 Anniversaria

877 2507 948 2572 et
1001 2522 1244 2574 eorum
1300 2522 1522 2573 onera
1574 2498 1940 2596 implenda
1999 2499 2552 2593 negligentiam,
2609 2500 2798 2574 uude
2854 2501 3233 2576 multorum
3286 2501 3785 2580 conscientiae

874 2628 1384 2716 aggravantur,
1443 2620 1515 2695 id
1573 2622 1993 2718 praesertim
2047 2622 2554 2716 ignorantium,
2614 2622 2805 2717 quod
2859 2623 2932 2694 in
2984 2623 3297 2719 antiquis
3352 2619 3658 2698 Statutis
3712 2631 3789 2701 et

872 2744 946 2817 in
993 2743 1484 2820 declaratione
1537 2743 2157 2819 Revereudissimi
2211 2744 2380 2818 olim
2435 2745 2731 2818 Domini
2784 2744 2985 2818 Petri
3037 2743 3553 2843 Myszkowski
3606 2743 3785 2844 Epi-

875 2867 1081 2964 scopi
1125 2864 1639 2941 Cracoviensis
1677 2867 2124 2964 synodaliter
2177 2867 2393 2959 facta,
2451 2867 2873 2958 continetur,
2932 2865 3123 2962 quod
3176 2867 3521 2942 videlicet
3566 2867 3782 2962 quili-

872 2989 995 3063 bet
1051 2988 1430 3063 Praelatus
1487 2997 1558 3063 et
1611 2985 2024 3078 Canonicus
2099 3012 2231 3086 pro
2287 2989 2607 3084 quolibet
2660 2987 3179 3062 Anniversario
3244 2988 3777 3084 consequendo,

872 3132 1013 3185 non
1053 3111 1287 3186 solum
1323 3111 1621 3207 Vigiliis
1662 3135 1922 3188 novem
1976 3112 2366 3187 lectionum
2423 3119 2494 3185 et
2530 3111 2804 3187 Missae
2860 3111 3027 3185 dum
3082 3111 3382 3205 canitur,
3437 3113 3514 3185 iu
3553 3111 3779 3191 choro

871 3234 1265 3330 interesse,
1340 3236 1468 3310 sed
1526 3237 1739 3310 etiam
1791 3237 1953 3333 ipse
2007 3258 2139 3333 per
2192 3258 2273 3309 se
2326 3233 2445 3308 vel
2501 3258 2630 3331 per
2684 3235 2902 3308 alium
2973 3234 3270 3309 Missam
3340 3256 3473 3332 pro
3541 3234 3783 3315 anima

874 3357 1191 3431 defuncti
1251 3358 1635 3433 absolvere
1689 3366 1761 3431 et
1813 3357 2291 3432 eleemosinas
2346 3379 2476 3455 pro
2532 3357 2827 3431 arbitrio
2893 3379 3025 3430 suo
3079 3357 3527 3455 pauperibus
3594 3356 3777 3435 elar-

873 3480 1012 3574 giri
1060 3487 1406 3575 teneatur,
1464 3481 1583 3554 vel
1621 3480 1713 3554 ad
1751 3481 1984 3553 minus
2018 3480 2094 3553 iu
2130 3478 2360 3553 Missa
2404 3478 2492 3551 de
2531 3486 2873 3574 tempore,
2932 3501 3144 3574 quam
3202 3479 3504 3575 quilibet
3558 3477 3775 3557 Prae·

871 3603 1060 3677 latus
1119 3602 1235 3676 vel
1289 3601 1702 3677 Canonicus
1757 3626 1848 3676 ex
1902 3601 2283 3675 devotione
2342 3600 2622 3691 recitat,
2693 3600 3438 3674 commemorationem
3506 3600 3777 3677 anima-

870 3749 1064 3817 rum,
1143 3748 1274 3824 pro
1348 3726 1608 3822 quibus
1680 3724 2271 3799 Anniversarium
2338 3724 2761 3814 celebratur,
2836 3746 2965 3821 per
3036 3720 3434 3796 Collectam
3506 3723 3773 3811 facere,

869 3848 1068 3923 iuxta
1106 3847 1664 3923 moderationem
1702 3847 2187 3922 Illustrissimi
2226 3855 2297 3920 et
2332 3844 2949 3919 Reverendissimi
3004 3843 3175 3918 olim
3232 3843 3541 3939 Georgii
3596 3842 3772 3922 Car·

873 3970 1137 4044 dinalis
1207 3969 1561 4067 Episcopi
1632 3967 2143 4044 Cracoviensis
2204 3970 2278 4042 in
2334 3966 2773 4043 Visitatione
2844 3967 3275 4041 authoritate
3348 3966 3775 4063 Apostolica

871 4095 1174 4186 factam,
1233 4117 1444 4189 quam
1483 4092 1996 4187 obligationem
2035 4090 2473 4164 Venerabile
2512 4088 2922 4185 Capitulum
2970 4088 3063 4162 ad
3101 4091 3422 4164 notitiam
3460 4090 3771 4165 omnium

874 4215 1200 4308 deducit,
1261 4224 1332 4290 et
1383 4224 1460 4291 ut
1515 4239 1670 4289 eam
1727 4237 1978 4289 omnes
2048 4221 2513 4308 exequantur,
2578 4212 2903 4286 hortatur
2955 4221 3027 4284 et
3080 4220 3320 4308 optat3
3394 4210 3485 4285 ad
3540 4211 3774 4288 maius

871 4339 1112 4434 itaque
1168 4340 1490 4412 meritum
1549 4360 1816 4429 eorum,
1875 4338 1998 4432 qui
2034 4336 2404 4433 praedicta
2458 4356 2677 4408 onera
2729 4333 3049 4429 implent,
3109 4342 3181 4406 et
3225 4334 3299 4407 in
3339 4332 3769 4411 satisfactio·

872 4484 1035 4534 nem
1090 4484 1176 4534 ea
1228 4461 1526 4556 implere
1580 4459 2122 4554 negligentium,
2184 4457 2657 4531 decreverunt
2710 4464 2782 4529 et
2835 4456 3350 4530 ordinaverunt
3401 4454 3773 4557 perpetuis

873 4582 1312 4679 temporibus
1368 4581 1938 4656 observandum:
1996 4589 2076 4654 ut
2129 4604 2220 4653 ex
2272 4579 2602 4676 portione
2674 4577 3059 4651 cuiuslibet
3130 4576 3446 4650 Praelati
3502 4584 3576 4651 et
3628 4572 3770 4648 Ca·
3897 4580 3903 4583 ’

872 4705 1109 4780 nonici
1164 4705 1255 4778 de
1292 4703 1810 4778 Anniversario
1867 4702 2387 4800 participantis,
2444 4699 3055 4798 Viceprocurator
3109 4697 3572 4773 Venerabilis
3615 4693 3769 4769 'Ca-

871 4829 1080 4926 pituli
1129 4851 1342 4903 unum
1399 4850 1756 4920 grossum,
1815 4826 1876 4900 si
1914 4849 2047 4924 pro
2101 4848 2244 4898 una
2299 4844 2611 4921 persona
2664 4822 2759 4895 sit
2810 4820 3427 4913 Anniversarium,
3484 4818 3551 4893 si
3594 4838 3771 4891 vero

871 4952 1054 5024 duae
1125 4950 1244 5023 vel
1313 4957 1463 5023 tres
1515 4956 1638 5023 aut
1691 4958 1994 5044 quatuor
2065 4969 2418 5045 personae
2471 4945 2545 5018 in
2600 4967 2817 5017 unum
2887 4942 3481 5019 Anniversarium
3556 4962 3769 5013 accu-

868 5072 1246 5165 mulentur,
1322 5094 1533 5167 quam
1588 5071 2227 5145 accumulationem
2298 5070 2503 5141 iuxta
2553 5066 2987 5161 Regestrum
3060 5072 3269 5139 vetus
3321 5061 3769 5143 Venerabile

871 5193 1280 5294 Capitulum
1335 5194 1592 5292 recipit
1644 5200 1716 5267 et
1767 5194 2159 5291 approbat,
2236 5190 2457 5283 duos,
2530 5195 2679 5262 tres
2732 5187 2851 5261 vel
2906 5194 3212 5281 quatuor
3282 5206 3589 5285 grossos
3645 5181 3768 5257 de·

868 5317 1106 5393 trahat
1160 5326 1232 5392 et
1283 5317 1519 5392 statim
1572 5316 1646 5390 in
1700 5315 2018 5413 pixidem
2072 5316 2206 5389 sub
2262 5313 2467 5387 clave
2521 5309 3020 5386 Procuratoris
3082 5306 3403 5407 Capituli
3462 5312 3771 5405 reponat
