4055 6364
2040 738 2553 817 -22-

824 951 1015 1048 ‘quis
1057 951 1300 1049 primo
1371 958 1727 1049 receptus.
1822 952 2089 1025 Datum
2164 948 2565 1027 Craeoviae
2641 952 2713 1025 in
2788 948 3135 1049 Capitulo
3204 949 3533 1047 generali
3604 972 3742 1047 pro

833 1074 1054 1148 festo·
1074 1070 1375 1147 Sancti.
1398 1069 1746 1148 Stanislai
1817 1072 2171 1147 celebrari
2231 1073 2446 1149 solito
2498 1072 2705 1148 Anno
2780 1072 3051 1147 domini
3112 1071 3509 1147 Millesi'mo
3560 1094 3740 1169 qua-

827 1194 1398 1291 ,dringentesimo
1452 1194 2048 1293 quinquagesimo
2103 1200 2381 1291 quarto.

2046 1609 2485 1711 ‘XXXIL

1235 1836 1340 1919 ne
1397 1836 1756 1918 libertate
1811 1835 1907 1917 ab
1965 1834 2435 1936 expeditione
2491 1836 2755 1918 heilica
2810 1835 3317 1918 Ecclesiarum

1620 1958 1944 2040 'rhomae
2001 1957 2341 2083 Episcopi
2396 1956 2953 2040 cracoviensis.

1001 2186 1370 2260 ihomas
1427 2185 1566 2285 Dei
1619 2192 1692 2259 et
1745 2183 2215 2289 Apostolicae
2289 2181 2505 2260 Sedis
2576 2183 3030 2282 providentia
3086 2184 3493 2282 Episcopus
3547 2180 3741 2256 Ora.-

831 2308 1218 2384 eoviensis.
1277 2305 1395 2381 Ad
1451 2316 1868 2404 perpetuam
1925 2308 2030 2381 rei
2083 2307 2524 2381 memoriam.
2618 2304 3235 2395 Quemadmodum
3292 2303 3535 2379 Status
3588 2302 3743 2377 Ec·

841 2431 1111 2505 elesiae
1168 2436 1454 2503 nostrae
1510 2428 1784 2503 salubri
1839 2427 2314 2525 dispositione
2368 2428 2836 2525 compositus,
2892 2426 3243 2522 singulari
3300 2448 3432 2501 nos
3484 2434 3739 2520 gratu-

821 2553 1105 2627 ·lation'e
1177 2551 1522 2635 laetificat
1575 2560 1648 2623 et
1697 2550 1968 2643 reficit,
2040 2552 2141 2624 ita
2194 2573 2329 2625 nos
2384 2573 2527 2624 non
2579 2549 2727 2625 levi
2796 2572 3125 2623 moerore
3197 2548 3611 2639 contristat,
3668 2547 3743 2621 si

823 2692 970 2771 'pro
1024 2672 1226 2747 illius
1277 2671 1730 2745 deformi¹ate
1755 2728 1773 2763 ,
1831 2669 2093 2745 damno
2146 2680 2218 2745 et
2270 2671 2591 2746 laesione
2644 2670 2917 2768 aliquid
2976 2676 3259 2745 constat
3311 2690 3737 2768 praesump-

838 2803 1012 2889 tum,
1067 2794 1544 2887 introductum
1597 2793 1716 2867 vel
1770 2792 2186 2869 admissum.
2253 2793 2355 2867 Et·
2404 2795 2591 2869 sieut
2644 2794 2975 2867 salubres
3030 2791 3519 2868 ordinationes
3571 2812 3739 2864 cum

839 2918 1035 2993 omni
1079 2915 1661 3014 promptitudine
1713 2924 1789 2989 et
1859 2913 2243 2989 devotione
2310 2916 2752 3011 exequimur,
2824 2915 2927 2989 ita
2994 2914 3070 2989 in
3144 2913 3443 3011 speculo
3514 2912 3742 3009 posi-ti

836 3038 1034 3114 omni
1101 3038 1478 3134 vigilantia
1529 3036 1902 3111 intendere
1975 3037 2461 3132 astringimur,
2518 3050 2597 3113 ut
2648 3036 3140 3112 deformitates
3204 3036 3565 3133 quaslibet
3615 3057 3737 3109 re-

835 3181 1187 3236 secemus.
1245 3156 1440 3235 Sane
1494 3160 1824 3257 quamvis
1879 3160 2123 3234 divina
2176 3168 2249 3234 et
2292 3160 2605 3236 humana
2658 3158 3055 3254 sanctione,
3108 3157 3393 3253 Regum
3448 3180 3739 3256 qnoque

819 3291 906 3368 ,et
958 3281 1373 3379 Principum
1431 3281 1784 3376 singulari
1839 3281 2154 3370 decreto,
2218 3281 2558 3358 Ecclesia
2622 3281 3135 3357 Oracoviensis
3190 3289 3263 3356 et
3313 3281 3505 3357 bona
3554 3287 3739 3354 tem-

835 3404 1114 3500 poralia
1167 3403 1400 3478 eidem
1456 3405 1816 3497 subiecta,
1873 3407 1968 3479 ab
2024 3403 2216 3479 omni
2270 3403 2619 3478 bellorum
2672 3412 2747 3478 et
2799 3425 3382 3500 quarumcunque
3435 3399 3737 3498 expedi-

836 3527 1138 3618 tionum,
1211 3526 1800 3624 qualitercunque
1839 3525 2371 3620 emergentium,
2430 3526 2734 3621 strepitu
2789 3533 2861 3598 et
2914 3548 3131 3600 onere
3183 3531 3259 3600 et
3308 3549 3355 3600 a
3405 3531 3735 3621 praesta.-

839 3647 1034 3722 tione
1089 3645 1513 3740 Stationum‚
1571 3649 1716 3722 sint
1765 3649 2105 3722 libertata
2156 3656 2229 3721 et
2282 3654 2637 3744 exempta.
2696 3646 3066 3742 Superiori
3118 3655 3357 3721 tamen
3410 3654 3740 3744 tempore

836 3770 1218 3844 multifarie
1273 3770 1852 3864 transgressione
1926 3769 2285 3844 contraria
2340 3768 2861 3866 comperientes
2931 3769 3101 3843 huic
3150 3769 3469 3842 libertati
3521 3765 3739 3841 dero-

837 3901 1106 3986 gatum,
1165 3893 1540 3966 statuimus
1595 3899 1666 3966 et
1717 3890 2204 3986 irrefragabili
2258 3889 2496 3965 edicto
2541 3889 3023 3989 praecipimus
3080 3899 3427 3988 perpetuo
3478 3890 3735 3964 obser·

839 4015 1190 4101 vandum:
1247 4021 1323 4088 ut
1356 4014 1547 4088 bona
1599 4037 1890 4088 mensae
1946 4020 2235 4086 nostrae
2291 4012 2753 4110 episcopalis,
2809 4010 3129 4110 Capituli
3182 4013 3410 4088 nostri
3450 4020 3521 4086 et
3554 4033 3737 4106 qua-

836 4159 1298 4232 rumcunque,
1332 4135 1846 4229 Ecclesiarum,
1903 4133 2529 4230 Monasteriorum,
2585 4133 3173 4229 Collegiatarum,
3226 4133 3739 4209 Parochalium

834 4268 908 4332 et
944 4257 1423 4354 quorumlibet
1458 4256 1991 4349 beneficiorum,
2048 4256 2257 4331 Bello
2303 4257 2631 4352 generali
2675 4257 2792 4330 vel
2827 4255 3245 4354 particulari
3294 4256 3735 4355 imminente,

835 4378 932 4454 ad
1003 4379 1431 4453 solutionem
1502 4381 1892 4471 fertonum,
1979 4402 2313 4454 curruum
2392 4378 2512 4454 vel
2593 4400 2937 4475 equorum
3007 4388 3082 4452 et
3149 4399 3740 4475 quarumcunque

835 4501 1135 4574 aliarum
1207 4523 1444 4574 rerum
1517 4501 1790 4574 ratione
1847 4501 2329 4599 expeditionis
2381 4524 2569 4597 quae
2621 4522 2973 4599 woyenne
3026 4499 3307 4574 dieitur.
3402 4498 3583 4572 Item
3633 4498 3735 4572 ad

835 4622 1390 4720 praestationem
1446 4620 1844 4709 Stationum
1897 4623 2180 4719 Regum
2204 4663 2239 4715 ,·
2293 4622 2733 4718 Reginamm
2756 4679 2775 4710 ,
2846 4622 3264 4720 Principum
3286 4677 3306 4716 ,
3373 4619 3735 4696 Comitum

835 4745 956 4818 vel
1011 4744 1490 4841 quarumlibet
1542 4768 2033 4842 personarum,
2091 4768 2235 4820 non
2288 4745 2573 4842 possint
2624 4754 2747 4819 aut
2799 4745 3108 4820 debeant
3158 4744 3489 4840 astringi.
3534 4741 3737 4816 'Nec

837 4867 932 4941 ab
983 4866 1094 4940 eis
1147 4867 1515 4962 praefatae
1573 4865 1810 4942 datiae
1863 4877 1936 4942 et
1989 4864 2376 4961 Stationes,
2434 4868 2569 4942 sub
2623 4888 3048 4964 quoeunque
3101 4866 3343 4941 colore
3396 4874 3469 4941 et
3520 4887 3736 4940 oeca-

838 4989 1040 5063 sione
1094 4987 1324 5082 exigi,
1381 4987 1510 5062 sed
1564 4988 1904 5063 libertate
1959 4989 2069 5064 eis
2121 5011 2473 5064 concessa
2525 4989 2856 5063 volumus
2908 5011 2997 5062 ea
3049 5010 3182 5087 per
3216 4989 3455 5064 omnia
3491 4986 3735 5086 potiri.

837 5107 917 5184 Si
971 5109 1134 5206 quis
1169 5117 1402 5182 autem
1457 5109 1766 5185 violator
1819 5112 2377 5206 praemissorum
2434 5110 2764 5201 extiterit,
2822 5109 3069 5185 divina
3122 5135 3204 5185 se
3259 5134 3401 5186 non
3455 5108 3741 5194 dubitet

837 5231 1291 5330 plectendum
1329 5229 1624 5325 ultione,
1680 5233 2093 5308 redditurus
2144 5232 2401 5307 altiore
2450 5233 2725 5324 fenore,
2764 5231 3109 5328 quidquid
3146 5234 3221 5306 in
3259 5232 3735 5331 vilipendium

837 5354 1400 5444 Ecclesiasticus
1453 5353 1832 5460 libertatis,
1861 5364 1960 5443 ,et
2001 5355 2216 5432 huius
2252 5355 2481 5431 nostri
2532 5353 2795 5444 statuti
2840 5378 2886 5430 a
2918 5355 3269 5432 subiectis
3323 5354 3739 5460 extorserit.
