4055 6364
2102 740 2671 816 -156-

2162 1001 2602 1104 CLXXX.

924 1211 1260 1294 Decreta
1288 1211 1354 1292 in
1386 1211 1760 1295 absentes
1802 1231 1942 1294 non
1972 1210 2153 1294 sunt
2192 1208 2538 1292 ferenda.
2579 1209 2785 1290 Anno
2826 1207 3015 1291 1601.
3057 1208 3183 1290 Die
3210 1207 3527 1292 Veneris
3558 1211 3606 1291 ΙΙ
3638 1211 3841 1292 maii.

1133 1420 1762 1520 Conquerentibus
1828 1421 2196 1496 nonnullis
2252 1443 2344 1494 ex
2396 1420 2637 1494 medio
2700 1444 2984 1502 suarum
3039 1419 3626 1495 Reverendarum
3679 1423 3839 1496 Do-

921 1547 1383 1621 minationum
1432 1545 1523 1619 de
1559 1545 1918 1635 Decretis
1977 1569 2163 1642 quae
2218 1551 2469 1618 contra
2522 1542 2883 1636 absentes,
2940 1565 3186 1617 eorum
3242 1545 3719 1642 responsione
3761 1555 3839 1619 et

925 1669 1388 1742 excusatione
1444 1691 1585 1742 non
1641 1667 1886 1742 audita
1939 1675 2011 1742 et
2064 1673 2362 1757 attenta,
2438 1665 2855 1762 plerumque
2930 1688 3091 1740 cum
3162 1665 3447 1740 illorum
3521 1668 3839 1740 maximo

923 1788 1366 1888 praeiudicio
1421 1790 1660 1863 solent
1695 1789 1873 1883 fieri,
1931 1788 2345 1880 Reverendi
2398 1786 2694 1860 Domini
2750 1784 3207 1884 Capitulares
3246 1786 3414 1862 huic
3453 1789 3839 1864 consulere

923 1913 1336 2010 cupientes,
1395 1935 1486 1986 ne
1538 1912 1612 1985 in
1669 1920 2034 2008 posterum
2112 1911 2287 1984 talia
2339 1910 2656 1984 Decreta
2729 1910 3069 2003 ferantur,
3143 1910 3285 1984 nisi
3358 1911 3838 2008 responsione

923 2041 996 2109 et
1049 2034 1513 2129 excusatione
1569 2034 2001 2127 absentium,
2083 2055 2266 2128 quae
2321 2033 2734 2128 frequenter
2795 2033 3029 2107 iustae
3084 2040 3155 2105 et
3203 2033 3579 2126 legitimae
3630 2033 3834 2126 fiunt,

925 2156 1126 2253 prius
1181 2179 1342 2229 cum
1398 2156 1672 2229 reversi
1724 2155 2010 2248 fuerint,
2071 2154 2315 2229 audita
2369 2161 2441 2228 et
2494 2155 2880 2249 diligenter
2934 2155 2999 2229 si
3050 2155 3284 2229 iustae
3336 2164 3408 2229 et
3443 2157 3836 2232 rationabi-

920 2278 1033 2353 les
1068 2278 1355 2373 fuerint,
1416 2279 1909 2352 examinentur
1946 2286 2017 2351 et
2051 2278 2502 2371 trutinantur,
2562 2279 2694 2351 sub
2734 2301 2970 2374 poena
3018 2278 3447 2374 privationis
3498 2280 3836 2353 refectio·

922 2423 1091 2474 num
1145 2425 1277 2499 per
1330 2424 1546 2476 unum
1601 2423 1917 2475 mensem
1985 2399 2484 2474 Praesidentis
2550 2400 2695 2472 tale
2751 2401 3138 2473 Decretum
3194 2400 3284 2474 ad
3343 2401 3836 2496 cuiuscunque

924 2526 1289 2621 querelam
1345 2547 1435 2598 ex
1485 2522 1825 2621 Capitulo
1861 2523 1936 2597 in
1974 2523 2345 2597 absentem
2402 2521 2722 2615 ferentis,
2781 2521 3262 2596 concordibus
3318 2522 3507 2597 votis
3564 2529 3834 2598 statue-

922 2654 1088 2722 runt
1141 2654 1215 2719 et
1264 2646 1403 2720 hoc
1458 2645 1822 2743 praesenti
1897 2668 2029 2720 suo
2081 2645 2399 2719 Decreto
2455 2651 2883 2736 sanxerunt,
2956 2643 3391 2740 firmiterque
3449 2653 3523 2717 et
3573 2668 3834 2741 perpe-

922 2775 1045 2843 tuo
1101 2768 1655 2844 observandum.

2145 2973 2629 3074 CLXXXL

928 3184 1032 3268 De
1070 3186 1370 3268 mineris
1408 3186 1586 3285 post
1625 3188 1937 3268 mortem
1992 3184 2333 3286 Episcopi
2372 3202 2467 3265 ae
2506 3180 2708 3265 Sede
2756 3184 3086 3264 vacante
3134 3180 3572 3265 conflandis.
3618 3179 3833 3264 Anno

1786 3307 1972 3389 1601.
2033 3307 2156 3388 Die
2216 3308 2459 3388 Lunae
2518 3309 2537 3387 1
2597 3305 2965 3389 Octobris.

1137 3517 1322 3593 Rem
1395 3520 1682 3615 dignam
1755 3519 2461 3594 animadvertendam
2533 3516 2943 3592 Reverendi
3015 3517 3308 3591 Domini
3382 3517 3705 3591 Praelati
3764 3523 3839 3590 et

927 3642 1280 3719 Canonici
1333 3665 1553 3740 supra
1607 3642 1860 3739 scripti
1911 3642 1984 3714 in
2042 3641 2409 3739 praesenti
2464 3637 2802 3735 Capitulo
2855 3640 3184 3735 generali
3237 3640 3698 3733 congregati,
3758 3648 3839 3711 ut

922 3789 1068 3841 non
1121 3763 1336 3840 modo
1390 3764 1893 3861 praesentibus
1930 3765 2149 3838 rebus
2184 3786 2433 3838 verum
2471 3763 2683 3835 etiam
2723 3771 2795 3836 et
2829 3762 3087 3836 futuris
3125 3762 3560 3854 consulatur,
3616 3782 3837 3859 prae-

927 3889 1172 3963 sertim
1225 3908 1399 3960 vero
1455 3893 1534 3960 ut
1587 3886 2103 3961 controversiis
2157 3893 2228 3959 et
2282 3883 2864 3976 difficultatibus,
2923 3907 3107 3979 quae
3159 3890 3305 3957 tam
3360 3907 3519 3958 cum
3573 3882 3825 3957 haere-

927 4010 1140 4084 dibus
1194 4007 1680 4082 Illustrissimi
1733 4032 1822 4081 ac
1874 4007 2493 4082 Reverendissimi
2546 4006 2899 4104 Episcopi
2951 4006 3305 4099 moderni,
3364 4030 3577 4101 quam
3631 4006 3839 4079 illius

924 4131 1584 4207 Reverendissimis
1639 4128 2203 4206 Successoribus
2258 4130 2549 4204 evenire
2588 4138 2893 4225 possunt
2945 4130 3329 4202 occasione
3384 4128 3839 4203 Minerarum

927 4256 1140 4347 aeris,
1197 4262 1270 4327 et
1320 4254 1664 4351 temporis
1715 4254 1790 4326 in
1843 4254 1937 4328 iis
1991 4254 2419 4345 conflandis,
2476 4261 2749 4326 mature
2806 4261 3241 4343 occurratur,
3301 4258 3704 4326 statuerunt
3763 4262 3839 4324 et

929 4375 1380 4451 concorditer
1452 4374 1958 4452 decreverunt:
2017 4384 2097 4449 ut
2149 4383 2525 4473 postquam
2589 4375 3132 4449 Illustrissimus
3202 4398 3289 4447 ac
3342 4372 3839 4448 Reverendis-

931 4498 1155 4573 simus
1226 4498 1585 4572 Dominus
1655 4498 2041 4572 modernus
2118 4494 2263 4597 (cui
2319 4497 2439 4570 det
2491 4497 2846 4571 Dominus
2918 4495 3009 4569 ad
3066 4497 3341 4570 maiora
3411 4502 3842 4569 ornamenta

927 4620 1308 4695 Ecclesiae
1380 4620 1716 4695 facienda
1767 4621 1986 4694 vitam
2042 4616 2473 4719 diuturnam)
2531 4643 2571 4692 e
2619 4620 2807 4693 vivis
2863 4619 3301 4711 decesserit,
3359 4627 3431 4693 et
3486 4619 3598 4692 sui
3652 4614 3838 4693 Suc-

929 4765 1262 4817 cessores
1316 4744 1782 4838 sequentibus
1836 4744 2045 4817 annis
2100 4741 2566 4832 decesserint,
2624 4741 2896 4815 relictis
2950 4740 3253 4816 Mineris
3300 4764 3340 4813 e
3377 4752 3569 4814 terra
3608 4742 3841 4815 erutis

932 4874 1004 4939 et
1042 4866 1118 4939 iu
1155 4864 1535 4962 superficie
1571 4866 1768 4939 illius
1805 4866 2299 4958 existentibus,
2358 4886 2541 4959 quae
2578 4864 2727 4937 vita
2780 4864 2978 4938 illius
3033 4864 3333 4937 durante
3386 4862 3647 4935 confici
3686 4884 3839 4935 non

933 4993 1338 5085 potuerant,
1397 4985 1833 5061 Venerabile
1871 4984 2280 5085 Capitulum
2320 5008 2461 5059 non
2498 4986 2700 5083 prius
2738 4984 2980 5083 Cupra
3034 4986 3225 5060 aeris
3278 4982 3469 5058 Sede
3525 4992 3839 5057 vacante

931 5133 972 5183 e
1007 5118 1200 5185 terra
1235 5118 1439 5185 eruta
1475 5118 1547 5184 et
1583 5108 1898 5185 eruenda
1945 5108 2285 5183 conflabit
2340 5117 2411 5181 et
2460 5109 2533 5182 in
2585 5131 2712 5181 aes
2762 5106 3107 5182 reducere
3144 5108 3217 5180 in
3258 5106 3679 5180 conflatorio
3716 5105 3835 5178 in-

931 5232 1178 5330 cipiet,
1221 5232 1450 5308 donec
1489 5239 1652 5306 octo
1690 5254 1976 5306 menses
2013 5232 2245 5329 elapsi
2283 5231 2566 5323 fuerint,
2616 5230 2741 5326 qui
2773 5229 3208 5305 haeredibus
3244 5226 3337 5302 ad
3376 5226 3837 5301 conflandum

931 5353 1256 5429 Mineras
1311 5354 1504 5430 aeris
1542 5354 1894 5430 demortui
1931 5352 2296 5451 praesenti
2335 5354 2650 5428 Decreto
2690 5353 3195 5447 conceduntur,
3250 5374 3384 5426 nec
3422 5373 3631 5425 usum
3666 5356 3837 5425 ante

4018 6198 4036 6336 ha.-..—
4033 5954 4036 6177 -—-—.-.
4033 5910 4036 5941 Α-
4034 5884 4036 5889 .
4034 5838 4036 5855 ,Α
4034 5732 4036 5743 ,Α
