4055 6364
2024 674 2578 752 -294-

856 895 967 960 per
1012 875 1131 942 1¹⁰0
1174 877 1343 950 idem
1388 881 1708 948 Statutum
1754 880 2151 945 declarantur
2195 899 2454 965 capaces
2503 881 3001 948 consolationum
3049 885 3114 949 et
3157 883 3586 959 refectionum,
3639 885 3760 950 sed

857 1003 931 1050 ea
976 988 1400 1070 proportione,
1452 987 1523 1052 ut
1564 983 1857 1052 videlicet
1918 983 2128 1050 media
2171 1003 2317 1068 pars
2378 1004 2591 1050 earum
2638 985 2954 1066 Diaconis,
3005 989 3070 1053 et
3114 989 3340 1072 quarta
3403 988 3756 1054 Subdiaco-

859 1089 955 1154 nis
1002 1089 1203 1156 detur.

1065 1298 1170 1363 De
1216 1296 2017 1364 distributionibus
2062 1295 2136 1362 in
2181 1297 2484 1363 olivam
2531 1298 2606 1363 et
2649 1297 3085 1382 amigdala
3141 1297 3407 1382 (Statut.
3442 1296 3760 1382 CXXIX).

858 1400 1031 1466 Haec
1094 1401 1451 1470 distributio
1513 1401 1860 1486 antiquitus
1943 1400 2042 1467 bis
2105 1400 2297 1466 fiebat
2359 1400 2422 1464 in
2485 1399 2998 1484 Quadragesima,
3063 1401 3360 1492 videlicet
3425 1401 3762 1466 Dominica

860 1504 1061 1586 prima
1124 1505 1674 1590 Quadragesimae,
1738 1507 1804 1574 et
1856 1505 2190 1572 Dominica
2243 1505 2470 1589 quarta
2529 1506 2832 1586 eiusdem,
2895 1526 3006 1590 per
3067 1507 3366 1574 medium.
3447 1506 3758 1572 Successu

858 1609 1184 1694 temporis,
1234 1609 1416 1675 Anno
1464 1609 1752 1676 nimirum
1798 1609 2142 1677 Millesimo
2189 1609 2704 1694 Quingentesimo
2739 1609 3205 1694 septuagesimo
3253 1628 3440 1688 nono,
3491 1611 3592 1674 die
3635 1628 3758 1674 un-

860 1711 1101 1777 decima
1146 1712 1320 1793 Maii,
1392 1733 1503 1798 per
1545 1732 1843 1798 praesens
1890 1713 2206 1781 Statutum
2273 1714 2683 1781 constitutum
2731 1715 2849 1792 est,
2917 1715 2988 1778 ut
3030 1714 3144 1780 fiat
3205 1713 3763 1798 proportionaliter

862 1815 1127 1900 singulis
1174 1817 1699 1902 Quadragesimae
1760 1817 2170 1902 septimanis:
2237 1819 2402 1901 quod
2450 1819 2514 1883 et
2557 1818 2635 1883 ad
2683 1837 2978 1902 praesens
3021 1819 3096 1884 ut
3139 1820 3440 1896 servetur,
3505 1815 3760 1884 ordinat

862 1939 1155 2004 praesens
1201 1924 1492 2006 generale
1538 1921 1921 2006 Capitulum.

1071 2128 1183 2194 De
1229 2127 1643 2212 reliquiis
1706 2127 2210 2195 Sanctorum
2272 2147 2430 2194 non
2475 2127 2758 2193 cuivis
2825 2128 3422 2194 monstrandis
3489 2127 3756 2212 (Statut-

866 2230 1237 2314 CXXXIV).
1286 2232 1427 2297 Hoc
1470 2231 1719 2298 Statuto
1764 2232 2289 2298 Vicecustodibus
2339 2231 2501 2297 serio
2547 2231 2886 2310 inhibetur,
2937 2251 3013 2297 ne
3057 2231 3125 2298 id
3177 2235 3432 2316 propria
3479 2231 3764 2298 authori-

864 2337 1013 2414 tate,
1060 2347 1261 2417 neque
1308 2335 1504 2401 cuivis
1550 2355 1623 2400 ex
1666 2335 1853 2419 vulgo
1898 2335 2102 2400 facere
2149 2339 2571 2419 praesumant,
2637 2336 2751 2400 sed
2799 2335 3082 2418 personis
3143 2337 3388 2401 tantum
3451 2335 3762 2419 insignio-

864 2439 1057 2519 ribus,
1111 2440 1298 2523 idque
1346 2438 1408 2503 in
1456 2439 1808 2521 praesentia
1860 2441 2288 2506 Procuratoris
2335 2439 2629 2522 Capituli,
2698 2442 2808 2505 aut
2849 2439 3115 2506 alicuius
3177 2440 3255 2504 de
3304 2438 3611 2504 Praelatis
3659 2439 3759 2506 vel

866 2541 1218 2622 Canonicis,
1286 2543 1588 2609 adhibitis
1654 2543 1849 2609 cereis
1903 2542 2204 2622 accensis,
2275 2547 2338 2608 et
2391 2544 2514 2626 ipsi
2577 2543 2705 2610 sint
2761 2543 3214 2626 superpelliceo
3277 2545 3343 2608 et
3389 2561 3590 2626 cappa
3653 2562 3769 2610 seu

866 2645 1125 2729 pluviali
1168 2644 1392 2711 induti.

1078 2852 1181 2918 De
1226 2851 1645 2918 Revisore
1704 2853 2086 2935 singulis
2151 2853 2396 2919 annis
2459 2852 2726 2920 initio
2784 2851 3166 2918 autumni
3226 2853 3320 2917 ad
3366 2853 3582 2918 bona
3623 2852 3770 2918 Pa·

869 2954 1213 3023 bianice
1234 2955 1423 3021 usia
1480 2955 1730 3021 mitte
1752 2977 1787 3019 n
1812 2956 1849 3021 d
1872 2975 1907 3022 o
1980 2957 2239 3040 (Statut.
2311 2957 2744 3042 CXXXVIII).
2835 2956 2974 3020 Hoc
3037 2955 3358 3021 Statutum
3441 2954 3772 3020 conditum

872 3062 988 3137 est,
1036 3059 1109 3124 ut
1156 3058 1468 3140 praefatus
1512 3058 1779 3124 Revisor
1820 3060 2101 3126 revideat
2147 3061 2234 3126 ibi
2277 3060 2520 3143 horrea,
2587 3080 2718 3125 rem
2764 3061 2966 3125 totam
3029 3059 3514 3137 oeconomicam,
3582 3076 3772 3142 rege·

872 3165 1004 3229 stra
1038 3164 1471 3246 perceptorum
1521 3165 1587 3229 et
1630 3182 2062 3247 expensorum,
2117 3169 2372 3250 quotam
2417 3167 2642 3233 messis
2681 3168 2745 3232 et
2779 3164 3233 3243 seminationis,
3284 3165 3546 3247 quotam
3589 3163 3771 3228 debi-

873 3268 1079 3333 torum
1126 3270 1189 3332 et
1232 3268 1539 3332 rest-arum
1605 3269 1905 3350 pecuniae
1958 3288 2032 3335 ac
2077 3269 2552 3347 frumentorum,
2619 3272 2682 3334 et
2727 3268 2792 3334 id
2837 3286 3036 3353 genus
3081 3269 3368 3345 aliorum,
3443 3285 3601 3349 quae
3647 3266 3776 3349 ipsi

872 3390 985 3453 per
1030 3370 1387 3453 Capitulum
1425 3372 1490 3436 in
1534 3372 1947 3439 instructione
1992 3374 2378 3457 praescripta
2421 3373 2669 3438 fuerint.

1082 3578 1194 3643 De
1266 3579 1555 3645 Marca
1624 3578 2104 3663 capitulari
2187 3580 2264 3643 in
2343 3578 2726 3663 negotiis
2814 3577 3212 3659 Capituli
3293 3576 3780 3659 Deputatis

878 3682 1096 3746 dand
1126 3700 1163 3746 a
1210 3682 1469 3764 (Statut.
1502 3680 1873 3763 CXXXIX).
1922 3682 2096 3747 Talis
2145 3684 2358 3749 Marca
2399 3683 2551 3749 licet
2595 3702 2712 3747 non
2761 3683 2990 3748 debeat
3031 3682 3163 3747 dari
3209 3681 3406 3747 cuivis
3453 3680 3778 3764 Capitnla-

876 3788 1057 3860 rium,
1128 3787 1246 3850 nisi
1292 3786 1410 3851 toti
1456 3784 1747 3869 Capitulo
1810 3787 2085 3870 generali
2151 3806 2349 3869 usque
2411 3786 2490 3851 ad
2537 3786 2999 3851 conclusionem
3059 3785 3192 3850 eius
3239 3783 3592 3850 interfuerit
3655 3785 3782 3867 (nti

876 3893 1219 3959 incidenter
1256 3891 1522 3956 habetur
1564 3890 1629 3954 in
1668 3890 1917 3955 Statuto
1958 3891 2139 3970 CLV,
2191 3891 2268 3956 de
2309 3892 2492 3956 modo
2531 3889 2976 3955 consolationis
3013 3888 3076 3952 in
3113 3888 3388 3972 generali
3429 3886 3780 3971 Capitulo):

878 4000 1088 4063 tamen
1133 3995 1485 4077 Deputatis,
1547 3995 1653 4077 qui
1698 3994 2080 4059 functionem
2137 3995 2256 4060 sibi
2303 3994 2702 4060 commissam
2767 3996 2883 4058 sub
2933 3997 3180 4076 tempus
3227 3994 3538 4077 generalis
3583 3991 3776 4073 Capi-

878 4101 995 4166 tuli
1042 4100 1183 4165 actu
1228 4102 1617 4183 peragerent,
1670 4100 1941 4163 dandam
1988 4117 2284 4181 praesens
2331 4098 2652 4163 Statutum
2699 4097 2993 4181 declarat,
3057 4097 3246 4180 idque
3290 4096 3499 4180 ipsum
3547 4096 3780 4161 coufir-

880 4206 1010 4270 mat
1054 4204 1223 4269 aliud
1270 4204 1583 4287 posterius
1628 4202 1947 4269 Statutum
1998 4200 2266 4287 (CXLI).

1086 4412 1193 4477 De
1256 4410 1597 4475 aulaeis
1661 4408 2157 4475 Sacristiae
2223 4427 2381 4473 non
2439 4407 3076 4473 commodandis
3159 4408 3417 4491 (Statut.
3471 4406 3778 4488 CXLIV).

878 4516 1017 4580 Hoc
1063 4514 1374 4580 Statutum
1426 4514 1747 4597 signanter
1789 4515 2064 4595 loquitur
2109 4513 2187 4577 de
2225 4513 2722 4578 commodatione
2769 4530 2974 4577 rerum
3021 4512 3240 4576 usibus
3287 4512 3484 4576 sacris
3532 4511 3783 4575 dicata·

880 4638 1043 4697 rum,
1110 4619 1187 4684 ad
1236 4638 1387 4684 usus
1451 4619 1829 4702 prophanos,
1898 4618 2188 4682 nimirum
2255 4618 2636 4699 nuptiarum,
2706 4618 2814 4680 aut
2877 4616 3361 4692 comoediarum,
3431 4614 3552 4679 nisi
3619 4614 3790 4679 forte

880 4726 1085 4808 gravis
1170 4724 1380 4807 aliqua
1440 4723 1597 4789 ratio
1684 4723 2060 4787 contrarium
2127 4721 2575 4804 postulaverit,
2659 4718 2848 4803 idque
2921 4740 3044 4785 non
3117 4719 3236 4785 nisi
3319 4720 3396 4785 de
3468 4737 3788 4784 consensu

881 4826 1173 4910 Capituli.

1090 5035 1193 5099 De
1256 5052 1375 5099 mo
1399 5052 1489 5099 ru
1512 5052 1571 5097 m
1634 5052 1723 5099 co
1746 5052 1877 5099 rre
1900 5033 2190 5099 ctione
2254 5032 2643 5097 fraterna
2714 5032 2967 5115 (Statut.
3021 5030 3271 5113 CLIII).
3345 5030 3526 5096 Hanc
3595 5050 3788 5113 prae-

884 5157 1029 5205 sens
1092 5138 1409 5205 Statutum
1474 5136 1687 5201 taliter
1746 5138 2092 5202 faciendam
2155 5136 2552 5219 praescribit:
2619 5136 2914 5201 nimirum
2974 5136 3044 5199 ut
3105 5134 3372 5218 singulis
3437 5135 3620 5199 annis
3637 5184 3652 5211 ,
3717 5136 3792 5199 in

885 5242 1173 5325 Cap-tulo
1220 5245 1427 5309 Sancti
1476 5242 1626 5309 Stan
1656 5242 1772 5307 slai
1818 5242 1883 5307 in
1933 5243 2121 5320 Maio,
2175 5244 2296 5305 duo
2345 5238 2676 5316 CensoreS,
2727 5241 2840 5304 viri
2887 5240 3288 5315 authoritate,
3341 5238 3677 5319 prudentia
3723 5244 3794 5303 et
