4055 6364
2022 727 2583 803 -322-

3617 938 3770 1005 Pag-

1028 1002 1303 1071 CXCIV.
1354 1004 1732 1089 Capitaneus
1780 1004 2248 1073 Pabianioensis
2294 1008 2540 1091 gratam
2585 1024 2920 1089 personam
2967 1006 3048 1073 ad
3091 1007 3442 1073 Ecclesiam
3487 1008 3553 1073 in

1520 1092 1893 1177 Dzierzazna
1938 1095 2366 1173 praesentabit
2407 1096 2726 1180 (Statutum
2775 1096 3111 1173 Capitnlare
3161 1100 3354 1175 1603,
3403 1096 3549 1158 Cod.

1518 1182 1629 1263 Ν,
1678 1184 1748 1255 v,
1794 1182 1901 1263 VI,
1949 1184 2062 1265 lx)
2114 1228 3562 1248 ............
3629 1180 3760 1245 165

1021 1264 1267 1332 CXCV.
1313 1266 1646 1333 Decretum
1694 1267 1771 1333 de
1818 1266 2038 1349 gratiis
2084 1266 2472 1335 conferendis
2519 1268 2598 1334 ad
2636 1267 3124 1353 quadringentos
3161 1268 3432 1335 florenos
3479 1287 3550 1334 se

1524 1354 1997 1419 extendentibus
2032 1356 2314 1422 cassatur
2345 1357 2668 1440 (Statutnm
2693 1357 3024 1435 capitulare
3059 1361 3250 1437 1604,
3270 1358 3418 1419 God.
3447 1358 3550 1431 IV,

1518 1444 1596 1521 v,
1640 1444 1741 1513 vr,
1785 1441 1890 1523 lx)
1988 1487 3564 1509 .............
3635 1441 3766 1506 165

970 1524 1261 1591 CXCVI.
1307 1524 1534 1593 Nullus
1577 1526 2083 1593 Reverendorum
2132 1528 2542 1594 Dominorum
2599 1531 2880 1614 tempore
2927 1529 3246 1597 conc‘onis
3291 1527 3551 1595 Sacrum

1524 1614 1795 1681 celebret
1839 1614 2153 1695 (Statutnm
2201 1618 2534 1691 Capitulare
2584 1622 2781 1696 1604,
2829 1618 2977 1679 Cod.
3023 1619 3134 1698 IV,
3178 1619 3250 1689 V,
3297 1618 3398 1698 VI,
3457 1612 3578 1699 IX)
3635 1614 3769 1680 166

938 1698 1261 1767 CXCVII.
1311 1700 1407 1767 De
1450 1700 1907 1767 Anniversariis
1952 1702 2234 1783 tempore
2269 1702 2714 1769 Vacantiarum
2762 1703 2857 1769 bis
2903 1703 2966 1767 in
3010 1702 3406 1768 hebdomada
3451 1720 3554 1767 ce·

1520 1788 1838 1854 lebrandis
1870 1788 2189 1873 (Statntnm
2238 1792 2570 1869 Capitulare
2618 1796 2802 1865 1604,
2849 1792 2995 1853 Cod.
3046 1793 3152 1863 IV,
3197 1794 3269 1863 V,
3316 1787 3422 1865 VI,
3468 1790 3581 1871 IX)
3637 1788 3772 1853 166

904 1872 1261 1941 CXCVIII.
1310 1874 1637 1941 Innovatio
1682 1873 1936 1951 Statuti,
1988 1894 2085 1959 ne,
2139 1876 2286 1940 dum
2333 1877 2932 1954 consanguineorum
2979 1875 3045 1941 in
3093 1873 3386 1959 Capitulo
3434 1894 3551 1940 ne-

1527 1962 1697 2045 gotia
1743 1963 2112 2041 tractantur,
2173 1964 2518 2030 Reverendi
2567 1964 2821 2029 Domini
2869 1962 3087 2029 eadem
3135 1964 3557 2044 proponentes

1524 2048 1815 2114 intersint
1858 2050 2177 2132 (Statutum
2225 2052 2556 2128 Capitulare
2605 2056 2797 2132 1604,
2844 2052 2992 2114 Cod.
3042 2053 3151 2131 IV,
3191 2053 3268 2131 V,
3315 2053 3414 2126 VI,
3465 2050 3584 2133 IX)
3639 2048 3770 2113 167

974 2132 1273 2201 CXCIX.
1323 2135 1709 2220 Approbatio
1758 2136 2168 2217 suprascripti
2216 2136 2447 2203 Statuti
2494 2137 2571 2203 de
2603 2136 3084 2210 consanguineis
3121 2137 3585 2220 (3011111161Μο-

940 2235 949 2244 '
1524 2226 1810 2301 ciejowski
1854 2226 2005 2301 Eppi
2054 2225 2218 2289 Crac.
2273 2230 2460 2303 1604,
2513 2227 2656 2288 Cod.
2706 2228 2788 2307 ΙΙ,
2836 2226 2958 2309 IX)
3041 2270 3577 2289 .....
3643 2222 3773 2288 167

1151 2307 1279 2373 CC.
1328 2309 1682 2375 Declaratio
1730 2314 1793 2375 et
1837 2310 2184 2376 moderatio
2232 2310 2465 2377 Statuti
2527 2311 2606 2376 de
2651 2310 2946 2376 carentiis
2992 2312 3272 2391 tempore
3317 2310 3558 2375 Vinde-

1526 2396 1792 2462 miarum
1840 2398 2162 2482 (Statntnm
2212 2400 2542 2476 Capitulare
2593 2404 2774 2472 1604,
2823 2400 2967 2461 Cod.
3011 2400 3120 2472 IV,
3163 2401 3230 2472 V,
3273 2400 3382 2477 VI,
3426 2400 3574 2475 IX).
3643 2396 3772 2461 168

1106 2480 1275 2547 CCI.
1326 2483 1651 2563 Quomodo
1684 2484 1833 2549 sunt
1864 2484 2158 2566 puniendi
2191 2483 2600 2568 negligentes,
2651 2504 2776 2550 non
2806 2483 3220 2567 adimplentes
3251 2483 3554 2550 conditio-

1530 2588 1638 2633 nes
1673 2569 1736 2634 in
1774 2570 1961 2636 Villis
2011 2571 2076 2635 et
2113 2570 2417 2637 Domibus
2457 2572 2772 2654 (Statutum
2812 2574 3140 2649 Capitulare
3187 2577 3376 2651 1605,
3413 2572 3560 2635 Cud.

1528 2660 1630 2732 lv,
1676 2660 1753 2739 v,
1798 2661 1901 2733 vr,
1947 2660 2051 2739 Ix)
2128 2702 3571 2724 ............
3639 2656 3770 2721 169

1074 2740 1273 2807 CCII.
1319 2742 1644 2823 Quomodo
1690 2745 1838 2809 sunt
1882 2744 2178 2825 puniendi
2227 2744 2310 2821 hi,
2364 2744 2470 2828 qui
2517 2744 2764 2828 negotia
2809 2743 3127 2811 EcclesIae
3175 2746 3238 2809 et
3279 2740 3560 2822 Capituli

1529 2830 1856 2915 negligunt
1900 2834 2218 2911 (Statntum
2251 2834 2592 2909 Capitulare
2641 2836 2830 2911 1605,
2878 2832 3025 2895 Cod.
3065 2834 3170 2909 lV,
3212 2834 3288 2906 V,
3321 2834 3429 2904 VI,
3477 2832 3583 2915 IX)
3639 2829 3772 2895 170

1038 2914 1272 2981 CCIII.
1319 2915 1581 2998 Quando
1612 2935 1927 2983 summum
1954 2918 2214 2984 Sacrum
2246 2918 2686 3001 pontificaliter
2711 2918 3058 2985 celebratur
3087 2916 3338 2983 Matura
3359 2916 3559 2983 Missa

1533 3004 1905 3070 celebranda
1949 3006 2048 3070 est
2093 3024 2202 3087 per
2247 3024 2391 3071 eum
2435 3003 2856 3083 Canonicum,
2928 3023 3110 3089 quem
3171 3002 3566 3069 hebdomada

1530 3090 1733 3177 tangit
1777 3091 2098 3174 (statutum
2147 3094 2480 3171 Capitulare
2528 3095 2722 3173 1605,
2769 3094 2914 3156 Cod.
2961 3096 3065 3166 IV,
3111 3094 3185 3167 V,
3230 3095 3340 3171 VI,
3383 3090 3504 3177 IX)
3554 3140 3573 3157 .
3643 3091 3778 3157 170

1058 3176 1279 3242 CCIV.
1325 3176 1652 3258 Quililibet
1696 3178 2025 3246 Praelatus
2075 3179 2401 3264 negligens
2447 3178 2770 3246 absolvere
2817 3198 2966 3245 suas
3013 3178 3243 3244 Missas
3287 3179 3370 3243 ad
3417 3197 3556 3244 ma·

1530 3265 1629 3330 ius
1672 3265 1920 3342 Altare,
1992 3267 2195 3333 tribus
2243 3267 2471 3331 marcis
2544 3285 2654 3348 pro
2703 3266 2982 3349 qualibet
3025 3266 3224 3330 Missa
3271 3265 3566 3337 neulecta

1532 3351 1885 3434 puniendus
1916 3354 2236 3435 (Statutnm
2269 3356 2604 3431 Capitulare
2654 3359 2842 3429 1605,
2874 3354 3020 3420 Cod.
3067 3356 3171 3427 IV,
3201 3355 3278 3437 V,
3324 3355 3432 3434 VI,
3467 3353 3589 3438 lx)
3647 3352 3770 3416 171

1095 3437 1281 3505 CCV.
1331 3436 1695 3524 Capitulum
1743 3440 2128 3505 ordinarium
2165 3439 2338 3506 feriis
2386 3441 2580 3506 sextis
2625 3443 2771 3523 post
2815 3439 3128 3506 Matutam
3167 3439 3433 3504 Missam
3482 3457 3587 3504 ce·

1534 3525 1901 3591 lebrandum
1934 3527 2251 3606 (Statutnm
2287 3528 2622 3606 Capitnlare
2663 3531 2854 3608 1606,
2891 3529 3039 3591 Ood.
3077 3529 3183 3601 IV,
3222 3530 3294 3602 V,
3331 3529 3433 3599 VI,
3477 3527 3596 3607 IX)
3650 3524 3776 3589 171

1070 3611 1283 3679 CCVI.
1331 3613 1650 3680 Statutum
1715 3613 1791 3678 de
1854 3614 2197 3696 sepulturis
2243 3615 2308 3676 in
2356 3615 2490 3679 toto
2539 3615 2914 3679 servandum
2963 3616 3282 3696 (Statntnm
3329 3615 3572 3690 Capitu-

1531 3703 1650 3763 l‘are
1700 3707 1884 3776 1606,
1932 3704 2076 3765 Cod.
2121 3705 2223 3775 IV,
2269 3705 2340 3777 V,
2388 3705 2492 3784 VI,
2541 3702 2656 3783 IX)
2783 3745 3581 3766 .......
3649 3701 3778 3764 172

1025 3785 1281 3853 CCVII.
1331 3786 1427 3852 De
1486 3788 1974 3872 praeeminentia
2019 3787 2573 3854 Administratoris
2619 3789 2878 3854 vacante
2923 3785 3090 3852 Sede
3151 3783 3570 3867 Episcopatus

1534 3872 1961 3940 cracoviensis
1990 3875 2304 3957 (Statutum
2339 3877 2671 3953 Capitulare
2701 3880 2892 3954 1606,
2920 3877 3067 3936 Cod.
3096 3876 3204 3954 IV,
3232 3876 3310 3953 V,
3343 3875 3446 3958 VI,
3473 3873 3591 3954 IX)
3647 3873 3774 3936 172

1000 3959 1275 4028 CCVIII.
1323 3955 1706 4026 Minerarum
1768 3963 1833 4026 et
1896 3961 2291 4027 metallorum
2341 3961 2500 4028 Sede
2543 3963 2806 4027 vacante
2865 3961 3178 4025 erutorum
3230 3959 3560 4042 dispositio

976 4117 981 4122 ,
1538 4048 1854 4132 (Statutum
1903 4051 2238 4128 Capitulare
2287 4055 2478 4130 1606,
2531 4051 2675 4112 Cod.
2722 4050 2826 4124 IV,
2873 4051 2944 4124 V,
2988 4050 3096 4120 VI,
3144 4047 3264 4130 IX)
3305 4096 3320 4110 .
3437 4095 3452 4109 .
3567 4093 3584 4111 .
3650 4045 3776 4110 173

1050 4132 1274 4199 CCIX.
1324 4134 1535 4201 Poena
1578 4135 1793 4201 contra
1840 4154 1983 4214 eos,
2037 4135 2142 4218 qui
2189 4135 2498 4218 Episcopo
2546 4133 2989 4218 pontificaliter
3035 4133 3377 4199 celebranti
3424 4151 3550 4198 non

1539 4221 2032 4288 ministraverint
2095 4223 2438 4286 secundum
2502 4221 2782 4288 ordinem
2847 4222 3164 4304 (statutum
3213 4221 3547 4299 Capitulare

1544 4313 1732 4390 1608,
1779 4311 1926 4375 cod.
1974 4313 2082 4390 lv,
2127 4312 2204 4391 v,
2252 4312 2355 4385 VI,
2400 4311 2506 4393 lx)
2523 4355 3584 4374 .........
3651 4306 3778 4372 174

1081 4395 1279 4461 CCX.
1328 4394 1529 4479 Super
1574 4394 1931 4460 molendina
1976 4395 2040 4460 in
2087 4395 2552 4478 praestimoniis
2599 4395 2954 4474 existentia,
3005 4393 3362 4474 Privilegia,
3407 4393 3566 4458 Pos-

1540 4481 1892 4548 sessoribus
1938 4501 2152 4547 eorum
2201 4483 2278 4547 ad
2325 4484 2519 4547 vitam
2569 4501 2692 4546 non
2741 4482 3054 4547 concenda
3093 4482 3409 4565 (statutum
3456 4483 3574 4542 Ca-

1536 4570 1783 4648 pitulare
1834 4575 2022 4650 1608,
2072 4571 2217 4632 Cod.
2266 4572 2368 4644 IV,
2415 4572 2489 4642 V,
2535 4573 2637 4642 VI,
2681 4571 2808 4650 IX)
2923 4615 3588 4634 ......
3651 4565 3776 4632 175

1052 4655 1275 4721 CCXI.
1322 4655 1678 4722 Declaratio
1725 4655 1977 4722 Decreti
2040 4655 2117 4720 de
2173 4655 2390 4738 primis
2435 4658 2500 4721 et
2545 4656 2835 4721 secundis
2881 4653 3178 4737 Vesperis
3221 4653 3556 4720 Festorum

1542 4742 1935 4823 celebrapdis
1961 4744 2282 4826 (Statutnm
2315 4745 2648 4821 Capitnlare
2684 4748 2876 4823 1609,
2910 4744 3057 4806 cod.
3087 4745 3195 4823 IV,
3227 4745 3303 4823 V,
3330 4744 3436 4823 VI,
3485 4745 3601 4821 IX)
3653 4742 3777 4806 175

1012 4828 1281 4893 CCXII.
1328 4826 1423 4894 De
1452 4828 2001 4895 distributionibus
2031 4828 2603 4895 Tribunalistarum
2655 4831 3016 4896 occurrente
3053 4829 3430 4894 limitatione
3467 4846 3569 4890 or-

1542 4915 1784 4980 dinaria
1827 4915 2211 4981 Iudiciorum
2257 4917 2579 4999 (Statutnm
2627 4918 2966 4994 Capitulare
3013 4922 3222 4998 1610,
3276 4916 3426 4980 Cod.
3472 4919 3576 4990 IV,

1538 5006 1613 5078 v,
1658 5005 1767 5083 vl,
1810 5005 1903 5063 IX
2010 5047 3588 5068 .............
3653 5002 3772 5067 176

988 5089 1287 5154 CCXIII.
1334 5089 1462 5155 Pro
1509 5090 1720 5155 strena
1758 5004 2132 5155 Progurator
2160 5090 2552 5156 Venerabilis
2594 5089 2869 5173 Capituli
2916 5089 3130 5154 decem
3175 5105 3398 5154 aureos
3444 5089 3573 5153 cui-

1536 5176 1692 5241 libet
1734 5176 2236 5242 Reverendorum
2285 5176 2696 5242 Dominorum
2757 5177 3046 5242 numeret
3091 5178 3408 5260 (statutum
3457 5177 3572 5238 Ca-

1536 5266 1780 5340 pitulare
1832 5269 2017 5342 1610,
2069 5267 2214 5326 Cod.
2262 5267 2366 5336 IV,
2413 5267 2485 5340 V,
2531 5267 2635 5338 VI,
2683 5263 2786 5344 IX)
2923 5310 3590 5327 ......
3653 5265 3772 5327 176
