4055 6364
2122 694 2695 772 -168—

951 907 1481 984 dissensionum
1521 913 1592 980 et
1627 904 2150 980 discordiarum
2198 906 2604 996 seminaria,
2643 907 3101 1002 fomentaque
3147 929 3312 982 esse
3346 908 3538 982 inter
3572 907 3854 1004 aliquos

950 1029 1474 1129 perspeximus,
1546 1028 1833 1124 penitus
1887 1027 2195 1102 sublatis
2248 1034 2321 1101 et
2373 1028 2755 1123 restrictis,
2812 1030 3103 1104 favores
3155 1029 3604 1126 ampliemus.
3663 1027 3847 1103 Con·

951 1153 1354 1227 siderantes
1399 1151 1659 1248 itaque,
1710 1147 2165 1250 Venerabile}
2202 1147 2608 1247 Capitulum
2654 1149 3035 1226 Ecclesiae
3082 1159 3371 1226 nostrae
3416 1149 3855 1225 cathedralis

952 1272 1463 1348 Cracoviensis
1517 1273 1906 1348 Decretum
1963 1272 2227 1347 dudum
2285 1272 2375 1346 de
2429 1296 2573 1347 non
2624 1273 3133 1348 interessentia
3198 1295 3481 1368 corum,
3555 1295 3851 1370 quorum

955 1402 1080 1472 aut
1134 1395 1830 1490 consanguineorum
1901 1395 2187 1468 illorum
2259 1395 2623 1488 negotium
2688 1395 3178 1493 capitulariter
3228 1403 3593 1489 tractatur,
3664 1394 3852 1468 vetis

951 1519 1252 1593 aliorum
1303 1519 1677 1610 sancitum,
1728 1518 1804 1591 in
1841 1517 2208 1614 praesenti
2255 1517 2583 1612 generali
2620 1515 2959 1615 Capitulo
3004 1517 3273 1593 utiliter
3319 1519 3413 1592 ad
3460 1517 3854 1615 praemissa

950 1641 1371 1733 innovasse,
1428 1639 1608 1713 illud
1664 1638 1754 1713 de
1807 1639 2127 1713 unanimi
2180 1662 2537 1714 consensu
2591 1648 2663 1714 et
2716 1639 2809 1713 ad
2862 1639 3419 1739 postulationem
3472 1641 3671 1714 illius
3724 1662 3848 1734 ap-

950 1763 1361 1861 probantes,
1419 1763 1798 1837 statuimus
1851 1770 1923 1837 et
1961 1763 2375 1839 ordinamus
2430 1763 2825 1837 secundum
2880 1763 3331 1860 praescripta
3380 1761 3617 1836 illius:
3674 1784 3847 1856 qua-

955 1893 1165 1961 tenus
1220 1886 1383 1960 dum
1441 1894 1513 1959 et
1566 1885 2133 1982 quotiescunque
2188 1883 2280 1959 de
2336 1892 2621 1960 caetero
2684 1885 3051 1978 negotium
3123 1883 3415 1980 aliquod
3492 1882 3851 1980 pertinens

954 2008 1046 2082 ad
1101 2008 1409 2104 aliquem
1469 2031 1561 2081 ex
1614 2005 1972 2080 Praelatis
2027 2029 2157 2080 seu
2213 2004 2625 2098 Canonicis,
2684 2015 2806 2082 aut
2858 2006 3174 2100 Patrem,
3232 2007 3584 2098 Fratrem,
3637 2002 3847 2078 Soro-

958 2153 1202 2204 remve
1254 2153 1642 2225 germanos
1695 2152 1824 2203 seu
1874 2128 2228 2225 Nepotem
2286 2129 2466 2223 eius,
2524 2153 2617 2203 ex
2648 2130 2799 2204 illis
2854 2130 3068 2203 etiam
3114 2128 3178 2203 si
3214 2129 3401 2202 tales
3455 2135 3655 2202 extra
3710 2123 3843 2200 Ca·

955 2252 1253 2349 pitulum
1309 2261 1382 2326 et
1434 2253 1849 2327 saeculares
1921 2251 2098 2344 sint,
2174 2251 2247 2324 in
2322 2249 2659 2349 Capitulo
2734 2251 3205 2348 disceptando
3276 2251 3714 2348 proponitur,
3784 2248 3847 2320 is

957 2375 1149 2448 dicta
1202 2376 1557 2449 sententia
1605 2384 1677 2449 et
1713 2382 1880 2448 voto
1936 2396 2068 2448 suo
2124 2372 2315 2468 dato,
2372 2375 2573 2448 illico
2612 2399 2653 2448 e
2691 2372 3029 2473 Capitulo
3085 2383 3319 2462 exeat,
3374 2397 3511 2448 nec
3564 2371 3843 2462 caeteri,

956 2503 1334 2593 antequam
1393 2496 1716 2592 exiverit,
1774 2497 2168 2572 sententias
2225 2518 2397 2570 suas
2433 2497 2841 2593 proferant3
2898 2497 3006 2571 sic
3053 2497 3238 2571 enim
3290 2516 3845 2591 unumquemque

957 2620 1381 2694 sententiam
1454 2643 1656 2694 „uam
1729 2620 1802 2692 in
1858 2618 2173 2712 negotiis
2246 2617 2659 2694 huiusmodi
2730 2619 2961 2695 libere
3016 2628 3088 2693 et
3138 2627 3353 2716 prout
3421 2618 3601 2692 ratio
3669 2615 3846 2714 ipsis

958 2741 1365 2835 dictaverit,
1437 2741 1874 2816 redditurum
1947 2743 2020 2814 et
2094 2739 2713 2834 dissensionibus,
2790 2742 3453 2836 simultatibusque,
3529 2762 3709 2835 quas
3760 2761 3843 2812 ex

957 2864 1458 2938 interessentia
1510 2865 1756 2938 talium
1812 2873 1889 2939 ut
1923 2863 2307 2960 plurimum
2366 2886 2649 2960 quoque
2703 2865 2876 2938 oriri
2928 2863 3347 2956 iudicamus,
3404 2862 3592 2936 viam
3644 2881 3842 2957 prae·

957 2986 1152 3060 cludi
1187 2987 1636 3060 arbitramur.
1693 2985 1954 3061 Actum
2009 2985 2223 3060 Nona
2276 2987 2547 3060 mensis
2604 2985 2966 3079 Octobris,
3021 2987 3095 3059 in
3140 2984 3466 3084 generali
3520 2980 3841 3078 Capitulo

958 3130 1092 3205 pro
1143 3108 1332 3184 festo
1387 3105 1460 3182 S.
1518 3109 1902 3186 Michaelis
1956 3107 2406 3203 Archangeli
2462 3109 2865 3205 celebrato,
2924 3109 3137 3184 Anno
3190 3105 3485 3181 Domini
3548 3102 3836 3178 Millesi-

959 3254 1076 3305 mo
1132 3227 1671 3307 Sexcentesimo
1726 3240 2001 3329 quarto.

1167 3352 1580 3429 Bernardus
1635 3352 2045 3429 Cardinalis
2098 3354 2626 3430 Macieiowski.

2328 3666 2479 3767 CC.

965 3874 1397 3958 Declaratio
1439 3876 1521 3957 et
1558 3874 1975 3957 moderatio
2021 3872 2313 3957 Statuti
2361 3873 2453 3955 de
2494 3874 2863 3957 carentiis
2905 3870 3248 3974 tempore
3298 3871 3835 3953 Vindemiarum.

1427 3997 1632 4081 Anno
1691 3998 1960 4079 Domini
2018 3995 2237 4080 1604.
2298 3996 2426 4078 nie
2479 3996 2793 4080 Veneris
2851 3997 2956 4078 22
3015 3995 3387 4079 octobris.

1172 4208 1355 4284 Cum
1410 4209 1500 4283 de
1554 4210 1891 4284 carentiis
1944 4208 2451 4284 Revendorum
2522 4210 2993 4283 Dominorum
3066 4214 3385 4304 tempore
3440 4201 3838 4280 Vindemia-

964 4355 1120 4407 rum
1173 4330 1267 4404 ad
1322 4304 2106 4429 Capitula⁶ordinaria,
2164 4332 2256 4405 ad
2308 4332 2735 4407 Dominieas
2790 4338 2860 4405 et
2910 4330 3137 4404 Festa
3189 4328 3283 4402 ad
3337 4328 3683 4425 populum
3736 4346 3836 4397 ce-

964 4454 1198 4529 lebria
1249 4456 1499 4529 venire
1551 4455 2102 4549 negligentium,
2157 4454 2232 4527 in
2286 4454 2653 4551 praesenti
2706 4452 3043 4550 Capitulo
3095 4451 3421 4546 generali
3477 4449 3838 4525 ventilare·

967 4585 1100 4671 tur,
1155 4576 1565 4651 Reverendi
1621 4577 1913 4650 Domini
1949 4584 2229 4651 matura
2264 4576 2685 4674 praehabita
2740 4574 3281 4669 deliberatione,
3335 4574 3652 4648 unanimi
3690 4593 3839 4645 con-

969 4720 1208 4793 sensa,
1248 4698 1834 4773 consuetudinem
1862 4722 2081 4797 super
2119 4698 2235 4774 his
2263 4698 2611 4773 hactenus
2646 4700 3125 4793 observatam,
3164 4696 3530 4771 innitendo
3561 4692 3841 4769 Statutis

968 4822 1298 4916 antiquis,
1352 4822 1453 4895 ita
1491 4820 1999 4895 declarandum
2049 4828 2121 4895 et
2157 4821 2668 4896 moderandum
2724 4820 3107 4895 duxerunt:
3164 4826 3242 4893 ut
3294 4816 3633 4892 videlicet
3684 4804 3874 4913 quo--

968 4942 1386 5040 tiescunque
1415 4944 1680 5039 aliquis
1716 4942 2305 5019 Reverendorum
2343 4944 2808 5019 Dominorum
2848 4940 2939 5014 ad
2977 4940 3387 5039 Capitulum
3425 4938 3838 5014 ordinarium

966 5066 1266 5161 venerit,
1323 5066 1754 5140 refectiones
1802 5073 1875 5139 et
1909 5090 2137 5162 panes
2191 5067 2559 5163 sequentis
2612 5066 2776 5159 diei,
2834 5088 3060 5162 usque
3115 5063 3209 5138 ad
3261 5064 3717 5139 Dominicam
3768 5080 3839 5135 eo

965 5188 1130 5285 ipso
1182 5188 1468 5263 habeat.
1527 5188 1738 5279 Quod
1777 5188 1844 5262 si
1889 5188 2006 5262 die
2059 5189 2443 5263 Dominico
2498 5189 2734 5264 futuro
2780 5188 2855 5262 in
2892 5187 3299 5261 Ecclesiam
3352 5186 3651 5275 venerit,
3710 5206 3835 5259 om-

967 5312 1161 5385 nium
1218 5312 1488 5388 dierum
1561 5311 2008 5409 sequentium
2082 5334 2307 5408 usquc
2373 5312 2462 5387 ad
2520 5309 2928 5409 Capitulum
3002 5310 3435 5387 ordinarium
3508 5331 3736 5405 panes
3784 5310 3841 5379 et
