4055 6364
1437 730 2009 809 -213—

247 945 638 1020 solvantur
707 968 866 1020 cum
922 943 1288 1018 Memento
1361 950 1434 1017 et
1485 941 1818 1017 Collecta
1889 942 2137 1018 addita
2210 966 2343 1042 pro
2412 943 2975 1019 Fundatoribus.
3086 940 3167 1043 5)

249 1064 518 1141 Clavis
570 1090 617 1140 a
667 1067 946 1141 foribus
1001 1064 1322 1140 eiusdem
1377 1062 1727 1162 Capellae
1780 1087 2007 1161 penes
2047 1065 2491 1140 Canonicum
2535 1066 2937 1160 Regentem
2976 1065 3165 1140 eius-

249 1187 428 1261 dem
481 1187 810 1284 lapideae
865 1195 1030 1260 actu
1083 1185 1518 1261 residentem
1575 1209 1865 1260 manere
1920 1186 2170 1282 debet,
2229 1197 2524 1285 propter
2578 1187 2845 1262 aditum
2921 1210 3165 1284 prom·

245 1311 564 1408 ptiorem
621 1319 692 1384 et
745 1309 1318 1384 commoditatem
1375 1310 1511 1382 sub
1563 1315 1848 1405 tempus
1897 1307 2305 1383 devotionis
2340 1333 2549 1406 suae3
2605 1310 2889 1405 quoties
2926 1317 3167 1383 autem

247 1429 622 1506 Cracovia
685 1431 1142 1522 discesserit,
1227 1453 1357 1526 per
1419 1431 1799 1504 Decretum
1855 1428 2319 1505 Venerabilis
2374 1430 2690 1527 Capituli
2745 1430 2975 1508 nostri
3036 1431 3164 1504 ob·

249 1555 557 1629 strictus
610 1554 746 1628 erit
799 1549 1104 1627 reddere
1159 1552 1436 1626 clavem
1493 1537 1840 1648 Capellae
1897 1552 1990 1625 ad
2027 1576 2282 1627 manus
2334 1552 2798 1629 Vicedccani.
2858 1551 2956 1624 Et
2991 1574 3164 1648 qua-

249 1685 474 1750 tenus
527 1699 813 1772 semper
867 1682 1112 1772 pateat
1161 1673 1403 1748 aditus
1457 1671 1988 1768 Commuuitati,
2049 1674 2275 1747 semel
2327 1673 2399 1748 in
2457 1675 2858 1772 septimana
2911 1695 2952 1746 e
2998 1696 3165 1767 gre-

245 1798 407 1872 mio
460 1798 574 1871 sui
628 1820 760 1894 pro
815 1797 1305 1870 celebratione
1359 1796 1637 1870 Missae
1705 1819 1958 1869 sacrae
2027 1819 2211 1870 unus
2274 1794 2752 1894 deputabitur.
2829 1793 3165 1869 Andreas

245 1919 702 1994 Franciscus
758 1917 1180 1994 Olszowski
1235 1915 1650 1993 Canonicus
1705 1916 2239 1992 Cracoviensis.

472 2040 753 2131 Quibus
818 2041 1148 2115 omnibus
1223 2046 1294 2113 et
1363 2039 1674 2133 singulis
1747 2039 2135 2136 praelectis
2207 2049 2281 2114 et
2334 2047 2608 2115 mature
2662 2039 3162 2133 consideratiS,

249 2161 670 2258 Capitulum
725 2163 960 2235 minus
997 2161 1090 2234 ad
1131 2184 1477 2257 praesens
1525 2162 1738 2258 plene
1779 2172 2323 2256 congregatum,
2364 2163 2581 2236 factis
2619 2161 3161 2237 demississimis

247 2283 652 2379 gratiarum
724 2285 1130 2358 actionibus
1208 2283 1613 2357 Pei-illustri
1670 2291 1740 2356 et
1793 2283 2433 2358 Reverendissimo
2498 2284 2813 2359 Domino
2866 2281 3160 2356 Funda-

245 2406 418 2498 tori,
477 2405 1038 2501 suprascriptam
1095 2406 1583 2480 fundationem
1639 2405 1942 2502 speciali
1995 2406 2233 2498 gratia
2284 2407 2573 2501 factam,
2631 2429 2789 2480 cum
2831 2406 3163 2480 omnibus

249 2526 708 2622 singulisque
764 2527 1294 2602 conditionibus
1321 2535 1533 2623 atque
1588 2527 2179 2620 obligationibus,
2220 2528 2413 2603 votis
2450 2527 2953 2620 concordibus,
2993 2551 3160 2620 gra-

245 2649 540 2722 tissimo
592 2657 924 2746 acceptat
992 2650 1252 2740 animo,
1329 2649 1682 2744 simulque
1740 2671 1821 2722 se
1876 2673 2040 2723 cum
2094 2650 2247 2723 suis
2302 2649 2773 2724 succedaneis
2845 2648 3162 2725 Vicariis

247 2769 818 2845 Cathedralibus
889 2770 1538 2862 Cracoviensibus,
1613 2771 1980 2868 perpetuis
2052 2771 2312 2845 futuris
2386 2769 2833 2868 temporibus
2904 2768 3000 2842 ad
3052 2770 3160 2842 le-

245 2892 567 2987 gendam
625 2893 923 2966 Missam
974 2891 1282 2986 singulis
1336 2893 1781 2988 septimanis,
1839 2902 1910 2965 et
1963 2892 2148 2966 alias
2203 2892 2274 2966 in
2314 2891 2768 2965 dedicatione
2810 2889 3161 2988 Capellae

245 3023 326 3088 et
387 3013 664 3087 Altaris
737 3038 956 3111 supra
1028 3037 1454 3110 expressas,
1529 3021 1676 3087 tum
1751 3015 1940 3109 quod
2006 2995 2455 3110 A‘pparatum
2527 3037 2789 3087 novum
2866 3035 3156 3108 compa·

247 3135 590 3231 randum,
649 3139 714 3210 si
769 3159 898 3210 usu
957 3134 1288 3210 diuturno
1344 3159 1693 3233 praesens
1735 3136 1856 3232 qni
1913 3135 2359 3232 relinquitur,
2416 3133 2891 3210 deterioratus
2946 3134 3161 3209 fuerit

245 3257 572 3351 nimium,
630 3257 820 3331 etad
875 3257 1218 3333 candelas
1273 3259 1528 3353 quovis
1582 3268 1906 3355 tempore
1961 3258 2101 3331 sibi
2156 3258 2671 3355 procurandaS,
2727 3257 2925 3332 iuxta
2962 3279 3157 3329 men-

245 3391 400 3457 tem
457 3379 904 3455 Perillustris
957 3388 1030 3454 et
1082 3380 1696 3456 Reverendissimi
1737 3381 2031 3455 Domini
2086 3379 2548 3468 Fundatoris,
2606 3377 2971 3478 praesenti
3007 3379 3155 3452 De-

247 3510 457 3577 creto
529 3526 660 3577 suo
716 3503 1096 3599 capitulari
1162 3503 1441 3597 obligat
1496 3510 1567 3575 ct
1620 3510 2014 3576 assecurat.
2074 3501 2181 3575 Ut
2233 3510 2471 3577 autem
2524 3511 2795 3575 certum
2853 3525 2940 3573 ac
2994 3522 3155 3597 per-

246 3632 546 3723 petuum
603 3625 1025 3720 posteritati,
1066 3625 1364 3720 suisque
1419 3626 1966 3699 successoribus
2019 3624 2149 3697 fiat
2183 3623 2735 3697 emolumentum
2776 3646 2864 3696 ex
2902 3620 3156 3695 eadem

245 3754 601 3845 percepta
654 3769 930 3820 summa
981 3746 1186 3819 Mille
1238 3746 1810 3839 Quingentorum
1862 3746 2321 3839 florenorum,
2375 3746 2633 3821 intuitu
2680 3746 2884 3820 cuius
2948 3764 3158 3840 prae-

245 3868 491 3942 dictae
547 3864 813 3942 Sacrae
867 3868 1143 3943 Missae
1195 3868 1428 3942 lectae
1472 3877 1820 3966 perpetuo
1876 3869 2020 3941 sint
2058 3867 2557 3959 celebrandae,
2615 3867 2901 3961 aliaque
2940 3887 3160 3939 onera

246 3990 592 4087 superius
645 3990 1064 4085 specificata
1118 3992 1625 4085 sustineantur,
1685 3990 1984 4065 eandem
2040 3992 2113 4063 in
2170 3990 2570 4063 auctionem
2630 3987 2955 4086 perpetui
2992 4008 3157 4083 pro-

245 4119 514 4186 ventus
565 4111 641 4183 in
697 4111 906 4184 bonis
959 4111 1113 4186 suis
1167 4111 1414 4185 Villae
1467 4112 1976 4205 Kurdwanow,
2033 4119 2201 4209 post
2238 4135 2585 4186 summam
2642 4118 2713 4184 et
2768 4116 3159 4183 extremam

246 4232 414 4307 eius
467 4230 1010 4323 desolationem,
1086 4232 1182 4306 ad
1236 4256 1586 4330 praesens
1659 4233 2292 4308 fundamentaliter
2343 4234 2416 4307 in
2473 4233 2774 4327 stagnis,
2831 4230 3155 4328 piscinis,

243 4352 690 4443 molendino,
749 4353 1132 4428 vindicatis
1186 4379 1230 4427 a
1285 4355 1544 4429 vicinis
1597 4356 2069 4449 granitiebus,
2146 4356 2395 4448 hortis,
2455 4355 2817 4451 pomariis,
2878 4354 3154 4451 pecori-

245 4476 414 4569 bus,
473 4474 892 4571 pecudibus,
966 4475 1320 4551 aedificiis
1373 4484 1518 4550 tam
1572 4477 2098 4574 praedialibus,
2158 4500 2367 4573 quam
2423 4477 2632 4571 gazis
2690 4474 3157 4569 subditorum,

243 4596 683 4692 illorumque
719 4622 764 4671 a
803 4599 1032 4693 prima
1083 4597 1329 4672 radice
1381 4599 1780 4690 locatione,
1838 4601 2310 4695 omnibusque
2366 4599 2532 4673 aliis
2585 4598 2677 4671 ad
2733 4598 2917 4672 haec
2968 4599 3161 4673 bona

249 4718 778 4815 pertinentibus
850 4720 1166 4794 totaliter
1245 4720 1665 4795 restauratis
1739 4716 1900 4820 (pro
1955 4721 2161 4795 cuius
2216 4721 2737 4795 restauratione
2790 4720 3155 4813 moderna,

249 4862 535 4912 summa
587 4839 752 4937 plus
805 4862 1016 4934 quam
1057 4840 1244 4915 Octo
1283 4840 1593 4915 Minium
1646 4842 2079 4917 florenorum
2136 4849 2436 4937 erogata
2488 4866 2579 4916 ex
2632 4842 2982 4936 regestris
3030 4841 3157 4915 eli-

251 4958 468 5061 citur)
523 4983 874 5056 praesens
927 4959 1335 5059 Capitulum
1391 4963 1769 5060 applicari,
1846 4965 2173 5038 converti
2227 4972 2299 5037 et
2350 4964 2579 5038 locari
2632 4963 2952 5058 censuit;
3011 4971 3154 5037 tum

251 5104 540 5179 quoque
610 5089 689 5156 ut
751 5083 844 5155 ab
897 5083 1062 5179 ipsa
1115 5080 1400 5158 Census
1473 5085 1682 5180 quasi
1751 5085 2295 5182 reemptionalis
2364 5086 2748 5182 quotannis
2830 5108 2921 5159 ex
2991 5105 3157 5183 pro-

250 5204 590 5279 ventibus
656 5202 1182 5301 praedictorum
1257 5190 1604 5282 bonorum
1664 5208 1950 5281 noviter
2001 5208 2111 5281 sic
2164 5213 2729 5283 restauratorum
2785 5215 2856 5280 et
2906 5206 3153 5281 melio·

250 5334 566 5399 ratorum
636 5324 1032 5421 proveniat,
1105 5325 1466 5403 mediante
1538 5330 1922 5425 impetrata
1993 5328 2341 5403 facultate
2397 5352 2616 5427 super
2667 5328 2827 5423 hoc,
2904 5335 2975 5403 et
3028 5352 3155 5425 ap-
