4055 6364
1377 788 1948 867 -127—

210 999 672 1073 oeconomica
705 1000 780 1073 in
817 998 1373 1097 praestimoniis,
1429 998 1805 1073 vacatione
1862 1005 2303 1089 oecurrente,
2363 1005 2661 1095 propter
2714 997 3105 1073 diuturnio-

211 1144 388 1213 rem,
441 1120 985 1217 longioremque
1047 1121 1331 1194 termini
1385 1123 1943 1217 protractionem
2000 1128 2073 1195 et
2124 1120 2479 1214 Regentis
2532 1119 2932 1195 absentiam
2958 1176 2977 1213 ,
3034 1126 3107 1193 et

211 1243 636 1339 praesertim
691 1250 1038 1340 tempore,
1095 1265 1237 1338 quo
1293 1243 1633 1317 maiorem
1690 1251 1762 1317 et
1797 1242 2323 1337 diligentiorem
2380 1264 2499 1316 res
2552 1242 2933 1316 familiaris
2986 1264 3107 1315 cu-

213 1388 366 1439 ram
421 1372 494 1438 et
546 1387 838 1463 operam
911 1364 1245 1461 exposcit
1304 1373 1375 1439 et
1425 1364 1742 1460 indiget,
1799 1368 1873 1439 in
1930 1366 2261 1439 damnum
2335 1372 2407 1437 et
2474 1365 2821 1439 iacturam
2893 1364 3112 1439 futuri

213 1486 507 1561 Domini
559 1486 914 1582 Regentis
967 1486 1381 1581 negligatur
1434 1495 1506 1560 et
1538 1488 2065 1581 intermittatur,
2124 1487 2578 1561 unanimibus
2614 1487 2807 1561 votis
2845 1494 2917 1561 et
2948 1510 3111 1560 sen-

211 1609 456 1682 tentiis
509 1608 661 1683 suis
715 1608 1160 1705 temporibus
1231 1610 1599 1706 perpetuis
1653 1612 2036 1685 tenendum
2092 1618 2164 1684 et
2214 1609 2513 1683 firmiter
2583 1607 3110 1682 observandum

213 1729 690 1805 decreverunt
742 1739 814 1805 et
867 1738 1297 1804 statuerunt:
1351 1738 1431 1805 ut
1483 1730 1828 1827 deinceps
1898 1732 2157 1805 futuris
2230 1730 2597 1827 perpetuis
2668 1730 3113 1827 temporibus

211 1853 589 1927 vacatione
647 1853 1139 1950 praestimonii
1202 1875 1330 1927 seu
1385 1853 1666 1926 Domus
1721 1875 2146 1949 quocunque
2200 1852 2414 1925 modo
2471 1860 2912 1945 occurrente,
2968 1860 3109 1925 ter-

211 1976 448 2051 minus
501 1998 630 2051 seu
687 1976 997 2073 spatium
1052 1975 1453 2049 vacationis
1507 1976 1720 2049 unius
1793 1976 2066 2049 mensis
2118 1975 2193 2047 in
2246 1974 2478 2050 literis
2549 1972 2933 2049 Citationis
2984 1998 3113 2068 ge-

211 2098 484 2171 neralis
552 2097 738 2171 alias
813 2095 1080 2171 Cridae
1153 2098 1466 2197 desuper
1535 2097 2115 2195 praemittendis,
2195 2120 2240 2169 a
2306 2096 2425 2171 die
2497 2097 2747 2171 mortis
2818 2096 3114 2171 Domini

209 2218 532 2294 Praelati
583 2228 710 2294 aut
762 2217 1112 2295 Canonici
1167 2228 1616 2318 computetur
1653 2227 1725 2293 et
1761 2226 2162 2294 censeatur.
2219 2217 2711 2315 Volentesque
2762 2240 3117 2317 praesens

211 2364 422 2417 sunm
474 2342 866 2417 Decretum
921 2342 1153 2417 maius
1205 2344 1425 2417 robur
1476 2341 1776 2435 habere,
1834 2362 2182 2436 suumque
2238 2338 2550 2415 debitum
2607 2341 2849 2415 sortiri
2900 2342 3113 2414 effec-

209 2472 384 2557 tum,
441 2462 620 2539 illud
660 2463 946 2538 debitae
1001 2465 1406 2539 executioni
1462 2462 2000 2557 demandantes,
2058 2462 2148 2537 de
2201 2463 2517 2538 unanimi
2571 2486 2705 2537 suo
2759 2484 3117 2537 consensu

211 2585 590 2661 terminum
661 2586 978 2683 optionis
1029 2585 1274 2661 Villae
1331 2585 1741 2685 praedictae
1815 2584 2423 2683 praestimonialis
2476 2582 2778 2659 Viciaze
2841 2591 2913 2657 et
2963 2585 3115 2658 Do-

209 2731 374 2783 mus
431 2708 872 2783 canonicalis
924 2710 998 2782 in
1053 2708 1297 2805 platea
1352 2708 1814 2796 Canonicali‚
1877 2731 2012 2783 uec
2066 2730 2207 2781 non
2265 2706 2457 2780 horti
2510 2707 2929 2804 capitularis
2981 2709 3117 2781 sub

209 2828 410 2904 Arce
463 2828 934 2904 Cracoviensi
1001 2854 1222 2928 prope
1277 2830 1564 2905 domum
1639 2830 1982 2905 Bularnia
2038 2830 2197 2923 siti,
2271 2829 2485 2903 modo
2540 2831 2941 2925 praemisso
2992 2852 3115 2902 va-

210 2952 566 3038 cantium,
625 2950 741 3025 die
794 2950 1144 3026 hodierna
1195 2953 1618 3046 tenendum,
1690 2951 2098 3026 habendum
2158 2961 2229 3026 et
2281 2951 2688 3027 faciendum
2744 2952 3117 3025 concluse—

209 3082 416 3167 runt,
473 3074 846 3147 terminum
903 3075 973 3147 in
1030 3075 1262 3148 literis
1316 3074 1699 3149 Citationis
1769 3073 2139 3167 generalis
2194 3074 2582 3170 praefixum
2654 3073 3118 3170 anticipando

211 3198 410 3273 etad
439 3196 628 3270 diem
657 3197 1074 3272 hodiernam
1113 3199 1670 3295 praeveniendo.
1715 3199 2203 3272 Nihilominus
2232 3206 2465 3270 tamen
2497 3219 2589 3269 ne
2616 3220 2747 3294 per
2784 3197 2940 3271 eius
2977 3205 3117 3269 ter-

209 3319 392 3396 mini
439 3320 534 3393 ad
573 3319 932 3415 optionem
972 3318 1235 3413 Villae,
1293 3321 1573 3395 Domus
1627 3329 1840 3416 atque
1894 3320 2082 3394 horti
2140 3318 2493 3416 praedicti
2546 3319 2619 3392 in
2673 3319 2905 3393 literis
2958 3316 3117 3392 Ori-

213 3443 354 3516 dae
407 3441 746 3538 praefixi,
803 3465 892 3514 ac
943 3441 1018 3514 in
1071 3443 1378 3517 futuram
1437 3451 1711 3517 sextam
1767 3443 2018 3516 feriam
2074 3440 2481 3536 incidentis,
2536 3441 3119 3538 praeventionem

211 3572 285 3639 et
337 3563 924 3660 anticipationem
997 3564 1332 3638 Dominis
1385 3563 1732 3639 hodierno
1809 3563 2149 3660 Capitulo
2202 3587 2344 3638 non
2398 3563 2997 3637 interessentibus
3050 3571 3123 3636 et

211 3685 306 3760 de
342 3685 712 3783 praesenti
767 3685 1085 3760 Decreto
1125 3686 1339 3761 ullam
1391 3687 1708 3761 notitiam
1748 3687 2205 3779 habentibus,
2259 3685 2773 3782 praeiudicium
2828 3683 3121 3780 aliquod

211 3809 592 3884 imminere
645 3817 770 3882 aut
821 3809 1072 3882 inferri
1125 3808 1492 3884 videatur:
1569 3808 1838 3882 eisdem
1896 3808 2231 3882 omnibus
2284 3817 2357 3882 et
2412 3806 2717 3900 singulis
2790 3806 3123 3880 Dominis

211 3930 582 4006 Praelatis
647 3939 720 4004 et
781 3929 1172 4007 Canonicis
1243 3954 1570 4027 pronunc
1622 3955 1667 4004 a
1723 3930 2059 4027 Capitulo
2132 3930 2554 4006 absentibus
2620 3937 2691 4002 et
2754 3929 2825 4001 in
2882 3929 3123 4004 futuro

215 4051 574 4150 Capitulo
630 4050 1017 4145 ordinario,
1073 4058 1409 4149 tanquam
1457 4055 1530 4126 in
1569 4052 1873 4127 termino
1910 4052 2001 4124 ad
2044 4052 2402 4149 optionem
2440 4051 2761 4149 praefixo
2816 4058 2889 4124 et
2940 4051 3120 4124 assi-

211 4183 493 4270 gnato,
550 4175 916 4268 affuturis,
997 4174 1334 4270 liberam,
1418 4175 1702 4274 plenam
1773 4184 1849 4250 et
1901 4172 2377 4248 omnimodam
2464 4173 2759 4272 optandi
2827 4171 3119 4268 Villam,

211 4297 532 4373 Domum
607 4296 698 4395 et,⁸
751 4297 1032 4372 hortum
1113 4297 1642 4393 praedictorum
1715 4297 1808 4372 ad
1879 4319 2233 4394 praesens
2314 4297 2761 4387 vacantium,
2850 4296 3121 4370 unicui-

213 4441 360 4516 que
431 4419 756 4516 ipsorum
827 4419 1025 4494 iuxta
1077 4403 1305 4494 'suum
1382 4421 1659 4494 senium
1728 4427 1800 4493 et
1873 4420 2323 4493 vocationem
2396 4426 2950 4492 reservaverunt
3018 4417 3123 4491 fa-

211 4541 556 4617 cultatem
613 4547 686 4613 et
737 4547 1184 4638 potestatem,
1245 4563 1385 4614 non
1441 4541 1675 4616 minus
1731 4563 1963 4636 neque
2015 4541 2247 4635 aliter,
2308 4563 2521 4637 quam
2576 4541 2640 4615 si
2693 4540 2769 4613 in
2830 4539 3121 4614 hodier-

213 4685 310 4738 no
351 4662 659 4738 termino
697 4670 1092 4760 praevento
1129 4671 1202 4738 et
1235 4664 1628 4760 anticipato
1681 4664 2031 4739 fecissent
2084 4664 2445 4761 optionem
2501 4663 2901 4738 valituram.
2960 4661 3125 4751 Quo

211 4785 418 4860 facto
473 4785 858 4861 constituto
933 4793 1150 4882 atque
1205 4786 1416 4860 etiam
1473 4787 1788 4884 proviso,
1863 4786 2135 4861 ibidem
2188 4787 2262 4860 in
2318 4786 2707 4861 continenti
2761 4785 3124 4860 Reveren-

217 4907 360 4983 dus
395 4908 756 4984 Dominus
791 4908 1036 4984 Lucas
1072 4907 1402 4982 Podoski
1439 4907 1913 5006 Praepositus
1959 4906 2440 5003 Gnesnensis,
2498 4907 2913 4984 Canonicus
2949 4905 3125 4981 Cra·

217 5029 612 5126 coviensis,
661 5053 752 5104 ex
788 5030 953 5106 loco
992 5030 1104 5105 sui
1159 5029 1343 5104 senii
1397 5027 1670 5104 Villam
1725 5031 2383 5128 praestimonialem
2437 5029 2741 5108 Viciaze
2778 5029 2917 5105 sibi
2956 5053 3125 5104 con-

217 5153 396 5229 ferri
453 5161 526 5228 et
577 5151 947 5252 provideri
1001 5152 1226 5251 petiit.
1309 5149 1636 5227 Tandem
1695 5153 1908 5228 etiam
1962 5152 2377 5228 Reverendi
2429 5153 2724 5226 Domini
2776 5151 3129 5226 Erasmus

221 5274 671 5371 Ohoienski‚
744 5275 1091 5350 Albertus
1161 5273 1603 5349 Brodzinski
1676 5273 1980 5368 Custos,
2057 5273 2465 5351 Stanislaus
2537 5273 2935 5350 Krasinski
2989 5273 3127 5349 Ar-

219 5396 720 5492 chidiaconus,
775 5396 826 5474 J
830 5421 1102 5473 oannes
1140 5396 1540 5472 Krasinski
1580 5397 1871 5492 Cantor,
1929 5397 2496 5496 Christopherus
2536 5396 2888 5492 Podoski,
2941 5396 3128 5472 Pau-
