4055 6364
47 6077 92 6340 Γρ-

1407 823 1494 834 -
1609 760 1722 855 9'7²
1815 808 1928 837 --

1467 1058 1828 1159 CXVII.

223 1266 450 1345 Poena
507 1265 784 1383 contra
830 1284 970 1346 non
1021 1264 1416 1367 explentes
1467 1264 1934 1347 conditiones
1983 1266 2051 1348 in
2098 1267 2296 1349 Villis
2345 1270 3105 1368 praestimonianhus.

223 1386 406 1467 Anno
453 1385 725 1467 Domini
789 1386 1167 1468 millesime
1221 1386 1829 1499 uuinuentesimo
1884 1387 2462 1489 septuagesimo
2501 1387 2759 1492 primo.
2808 1394 2935 1475 Die
2972 1394 3109 1475 Ve-

1193 1508 1397 1589 neris
1456 1507 1662 1589 Nona
1716 1508 2120 1590 Februarii.

414 1717 830 1793 Reverendi
901 1718 1200 1792 Domini
1267 1719 1342 1791 in
1406 1718 1546 1793 hoc
1617 1720 1944 1815 generali
2012 1720 2546 1799 Purificationis
2615 1724 2894 1799 Mariae
2968 1723 3110 1799 Ca-

221 1842 431 1939 pitulo
485 1842 935 1936 congregati,
992 1848 1462 1938 posteaquam
1519 1838 1800 1916 Statuta
1852 1841 2256 1939 Ecclesiae,
2313 1848 2736 1942 praesertim
2790 1868 2964 1921 vero
3018 1847 3112 1921 de

221 1960 426 2037 Villis
487 1962 1197 2059 praestimonialibus
1269 1962 1791 2055 reformandis,
1869 1964 2101 2059 deque
2174 1967 2592 2042 melioribus
2644 1968 2718 2041 in
2774 1969 2885 2043 eis
2940 1991 3107 2042 eon-

219 2084 594 2159 ditionibus
631 2085 1010 2177 faciendis,
1069 2082 1284 2175 edita,
1345 2106 1589 2157 secum
1629 2086 2145 2179 examinarent,
2205 2088 2831 2186 exp.nderentque
2884 2090 3112 2163 verba

227 2214 290 2279 et
338 2230 624 2281 sensum
699 2229 982 2298 eorum,
1059 2206 1321 2301 quibus
1387 2205 1584 2278 clare
1641 2206 2081 2303 disponitur:
2156 2232 2301 2282 non
2358 2232 2521 2285 esse
2594 2210 3107 2285 admittendum

219 2350 365 2401 enm
442 2328 532 2402 ad
609 2328 970 2425 optionem
1045 2326 1288 2401 Villae
1360 2328 1824 2424 posterioris,
1900 2330 2020 2425 qui
2096 2332 2359 2428 prioris
2431 2331 2911 2407 conditionem
2966 2356 3115 2406 non

216 2452 377 2527 feeit
425 2453 818 2545 meliorem,
873 2452 1020 2525 imo
1075 2451 1198 2547 qui
1251 2473 1394 2525 non
1433 2452 1665 2524 solum
1720 2475 1860 2525 non
1921 2451 2347 2527 deteriorem
2401 2452 2745 2547 reddidit,
2796 2455 2924 2529 sed
2978 2456 3113 2529 im·

213 2575 473 2671 positas
511 2574 654 2649 sibi
692 2573 1146 2648 conditiones
1184 2595 1324 2647 non
1364 2573 1705 2670 explevit,
1745 2574 2149 2672 privatione
2189 2575 2625 2672 puniendum
2662 2599 2859 2671 esse3
2916 2597 3109 2649 com-

215 2704 558 2793 pererunt,
615 2694 888 2770 eisdem
947 2692 1248 2770 Statutis
1306 2694 1379 2768 in
1429 2696 1704 2791 aliquot
1756 2695 2081 2792 proxime
2138 2698 2533 2794 superioris
2586 2698 2931 2795 temporis
2985 2722 3110 2771 va-

217 2819 457 2893 cantiis
542 2826 615 2893 et
697 2816 1057 2892 Villarum
1143 2817 1772 2891 distributionibus
1855 2840 1994 2889 non
2079 2818 2307 2891 fuisse
2393 2818 2881 2911 satisfactum,
2964 2819 3111 2892 imo

219 2939 476 3014 eisdem
529 2939 911 3013 manifeste
967 2946 1551 3014 contraventum:
1627 2939 1790 3013 dum
1847 2939 1972 3011 alii
2027 2939 2193 3012 aliis
2247 2940 2616 3034 faventes,
2690 2940 3113 3037 privataque

219 3062 515 3157 publicis
577 3062 1105 3150 anteferentes,
1180 3083 1320 3135 non
1378 3060 1900 3156 aequanimiter
1971 3084 2263 3136 sensum
2336 3058 2773 3137 Statutorum
2850 3062 3116 3136 fuerint

218 3185 692 3283 interpretati,
764 3185 866 3258 ita
919 3182 1297 3279 videlieet,
1371 3191 1449 3258 ut
1502 3206 1641 3257 non
1707 3182 1921 3257 modo
1992 3207 2136 3257 non
2206 3184 2591 3282 implentes
2663 3185 3113 3260 conditiones

220 3305 350 3379 sibi
400 3307 776 3404 impositas
847 3306 1073 3404 puniti
1149 3329 1292 3379 non
1360 3306 1541 3398 sint,
1619 3305 1746 3380 sed
1803 3328 2155 3379 ascensus
2226 3307 2441 3380 etiam
2514 3306 2943 3403 quibusdam
3018 3306 3113 3380 ad

219 3427 392 3502 alias
444 3429 780 3504 meliores
832 3428 1048 3502 villas
1101 3427 1499 3524 permissus
1553 3427 1796 3519 fuerit,
1855 3428 2441 3524 compensatione
2497 3427 2805 3525 quadam
2859 3429 3113 3503 dunta-

219 3557 336 3622 x'at
388 3558 459 3623 et
509 3574 786 3626 summa
856 3549 1273 3648 pecuniaria
1344 3548 1621 3622 ratione
1679 3571 1820 3623 non
1883 3547 2336 3646 impletarum
2410 3549 2891 3625 conditionum
2952 3573 3111 3624 sue·

221 3671 484 3745 cessori
552 3672 846 3767 relicta3
933 3677 1312 3745 cernentes
1382 3671 1625 3766 itaque
1696 3670 1914 3744 iidem
1975 3670 2387 3745 Reverendi
2458 3672 2753 3745 Domini
2823 3673 3115 3746 favores

221 3791 560 3866 eiusmodi
614 3800 689 3866 et
741 3815 1212 3889 personarum
1285 3793 1746 3888 acceptiones
1817 3816 2121 3887 vergere
2192 3797 2265 3865 in
2322 3791 2821 3867 detrimentum
2887 3777 3113 3867 bono-

219 3935 364 3986 rum
415 3913 798 3988 Ecclesiae
837 3922 908 3988 et
943 3913 1322 3988 fundorum
1381 3913 1904 4009 capitularium,
1965 3915 2435 4010 exemplaque
2490 3913 2843 3989 eiusmodi
2886 3938 3113 4011 prava

219 4032 290 4106 in
335 4035 685 4110 infinitum
743 4057 1248 4132 succrescere3
1319 4035 1650 4108 volentes
1724 4057 2101 4110 occurrere
2174 4035 2581 4110 istiusmodi
2634 4043 2707 4110 et
2758 4037 3115 4110 similibus

221 4153 676 4248 detrimentiS‚
733 4157 917 4250 vim,
975 4158 1327 4247 effectum,
1401 4156 2202 4253 interpretationemque
2256 4164 2332 4231 et
2380 4157 2769 4251 genuinum
2824 4179 3114 4232 sensum

222 4277 596 4352 eorundem
653 4275 1093 4353 Statutorum
1149 4287 1400 4352 eontra
1456 4301 1706 4353 omnes
1761 4288 1834 4353 et
1888 4280 2217 4375 singulos
2272 4279 2624 4353 Dominos
2696 4278 3117 4354 Confi-atres

223 4422 306 4472 ex
341 4423 568 4496 aequo
625 4400 1148 4474 extendendum
1198 4401 1376 4474 etin
1415 4401 1905 4475 executionem
1960 4401 2365 4499 ponendum
2425 4425 2627 4496 esse3
2686 4425 2905 4497 quare
2944 4425 3114 4475 una·
3162 4479 3167 4484 ,

223 4521 522 4598 nimibus
609 4523 986 4597 sententiis
1069 4521 1524 4597 statuendum
1605 4522 1961 4597 duxerunt
2033 4532 2105 4598 et
2176 4522 2631 4598 decernendo
2721 4532 3119 4598 statuerunt

223 4653 558 4741 perpetuo
623 4643 1196 4730 observandum:
1272 4653 1350 4718 ut
1418 4645 1825 4741 quicunque
1895 4646 2369 4720 Dominorum
2424 4644 2694 4720 Villam
2768 4645 3103 4742 capitula·

223 4787 366 4838 rem
421 4767 784 4858 obtinens,
858 4766 1309 4841 conditiones
1364 4767 1504 4841 sibi
1573 4767 1951 4863 impositas
2007 4790 2098 4840 ex
2153 4765 2640 4841 declaratione
2713 4768 3115 4842 revisorum

224 4907 360 4958 non
416 4888 828 4985 explevisse
866 4887 940 4961 in
977 4888 1221 4984 aliqua
1257 4887 1456 4962 Villa
1512 4897 1921 4984 compertus
1975 4888 2213 4981 fuerit,
2268 4910 2501 4984 neque
2545 4887 2913 4981 legitimas
2950 4910 3115 4961 cau*

227 5029 365 5103 sas,
423 5009 976 5105 diligentiaeque
1031 5034 1203 5085 suas
1254 5033 1387 5107 per
1421 5033 1582 5084 eum
1637 5033 1779 5083 non
1836 5011 2147 5103 stetisse,
2206 5010 2585 5106 quominus
2640 4997 2936 5106 explere
2990 5033 3115 5106 po-

225 5129 452 5223 tuerit,
507 5129 1122 5224 demonstraverit,
1179 5132 1350 5206 talis
1403 5133 1704 5228 quilibet
1756 5133 1912 5206 sine
1967 5133 2118 5206 ulla
2170 5133 2626 5229 exceptione,
2685 5139 2809 5206 aut
2860 5131 3117 5226 quavis

227 5252 632 5347 pecuniaria
686 5255 1303 5351 compensatione,
1358 5277 1636 5352 poenae
1691 5251 1953 5329 Statuti
2007 5261 2259 5328 eontra
2327 5254 2510 5327 tales
2584 5251 2759 5326 editi
2831 5253 3118 5326 omnino

230 5379 300 5448 et
345 5375 770 5474 simpliciter
835 5375 1216 5451 subiacere
1270 5376 1581 5451 debebit.
1651 5376 1958 5466 ‚Quibus
2013 5377 2298 5474 quidem
2372 5375 2707 5450 omnibus
2758 5373 3117 5450 Villarum

2762 5492 2842 5560 13
