4055 6364
2043 692 2142 703 --
2253 646 2403 723 268
2509 691 2613 705 -

870 857 1125 937 faciant,
1192 858 1259 922 et
1302 854 1663 940 Capitulum
1708 872 1830 919 non
1880 858 2158 938 praestet
2205 872 2583 924 consensum
2629 903 2643 935 ,
2689 849 2846 917 alias
2894 847 3240 928 utrumque
3287 842 3374 908 sit
3417 840 3676 907 irritum
3721 838 3788 903 et

869 961 1251 1039 invalidum;
1300 958 1750 1043 parochialium
1796 960 2005 1025 tamen
2057 961 2461 1027 ecclesiarum
2509 956 2852 1024 necessitas
2897 950 3220 1033 excipitur.

868 1168 1120 1234 Licet
1164 1166 1720 1250 antiquorum
1764 1142 2538 1250 praedecessorum
2584 1162 3078 1231 nostrorum.
3130 1156 3316 1242 (Stat.
3365 1151 3699 1235 XXXIV).

1074 1271 1267 1351 Item,
1318 1270 1667 1353 Episcopus
1718 1270 1783 1336 in
1829 1271 2078 1355 oppidis
2127 1274 2190 1337 et
2231 1272 2399 1337 villis
2447 1266 2907 1355 episcopalibus
2971 1261 3246 1345 antiquis
3304 1255 3670 1324 advocatias
3719 1255 3788 1319 et

870 1374 1191 1443 scoltetias
1257 1393 1380 1439 non
1428 1374 1658 1458 erigat,
1728 1390 1843 1439 nec
1887 1374 1969 1440 ad
2006 1394 2152 1441 eum
2200 1373 2526 1440 devolutas
2588 1371 2688 1436 vel
2733 1388 2844 1453 per
2889 1367 3156 1433 aliarum
3200 1360 3668 1448 providentiam
3719 1358 3786 1422 et

866 1478 1332 1556 liberalitatem,
1382 1477 1539 1542 nulli
1586 1476 1865 1542 conferat
1908 1478 2007 1543 vel
2052 1478 2304 1547 vendat.
2354 1475 2712 1561 Capitulum
2759 1472 3002 1537 nullum
3049 1470 3330 1554 praestet
3365 1478 3782 1538 consensum

870 1580 1094 1665 quodsi
1140 1580 1547 1665 praestiterit,
1598 1580 1955 1646 decernitur
2001 1599 2124 1647 non
2171 1583 2398 1647 valere.

868 1788 1243 1870 Antiqua
1288 1788 1367 1853 et
1412 1788 2162 1854 commendatione
2210 1789 2472 1871 digna.
2561 1786 2752 1872 (Stat.
2801 1784 3090 1866 XXXV).

1078 1891 1254 1971 ltsm,
1306 1890 1570 1975 quilibet
1610 1891 1675 1955 in
1712 1890 2094 1975 Episcopum
2143 1890 2622 1958 cracoviensem
2669 1890 2910 1955 electus
2956 1889 3067 1953 aut
3102 1884 3432 1969 promotus
3477 1878 3776 1945 teneatur

866 1994 1220 2077 specialiter
1246 1996 1471 2072 iurare,
1520 1996 1591 2060 ut
1618 1996 1824 2061 castra
1867 1994 2185 2061 Ecclesiae
2233 2013 2354 2060 non
2385 1994 2760 2072 committat,
2811 1990 2926 2056 nisi
2978 1988 3285 2055 Praelatis
3333 1988 3396 2051 et
3431 1980 3770 2050 Canonicis

867 2095 1402 2177 Cracoviensibus,
1454 2098 1561 2180 qui
1607 2117 1680 2163 ea
1726 2116 1846 2163 non
1894 2100 2222 2164 teneantur
2267 2099 2470 2177 alteri,
2519 2097 2859 2163 mandante
2903 2094 3242 2179 Episcopo,
3294 2088 3418 2155 nisi
3471 2084 3772 2154 Praelato

867 2202 975 2268 aut
1019 2199 1334 2267 Canonico
1381 2200 1774 2268 cracoviensi
1823 2201 2162 2267 dimittere.
2211 2202 2295 2267 Et
2339 2202 2729 2267 subnectitur
2772 2199 2974 2265 forma
3016 2192 3370 2261 iuramenti.

867 2408 1126 2475 Veteri
1173 2408 1410 2474 abusu
1454 2408 1527 2473 et
1572 2410 2152 2475 consuetudine.
2204 2408 2388 2493 (Stat.
2439 2408 2757 2487 XXXVI).

1071 2502 1381 2578 Aboletur
1415 2512 1594 2577 vetus
1643 2513 2029 2578 consuetudo
2061 2515 2124 2579 et
2151 2514 2408 2589 abusus,
2461 2513 2524 2577 et
2568 2511 2958 2596 prohibetur,
3000 2530 3078 2575 ne
3129 2506 3402 2572 Praelati
3449 2504 3516 2569 et
3559 2500 3766 2567 Cano-

870 2616 1019 2697 nici,
1074 2615 1433 2697 caeterique
1479 2615 1775 2695 ministri,
1824 2615 2192 2681 indumenta
2229 2616 2661 2694 sacerdotalia,
2712 2615 3072 2699 passionem
3119 2608 3350 2677 Christi
3398 2623 3766 2691 repraesen-

866 2721 1089 2799 tantia,
1140 2720 1289 2785 dum
1337 2737 1470 2785 rem
1514 2738 1759 2785 sacram
1803 2723 2129 2807 peragant,
2181 2722 2386 2787 velare
2435 2722 2722 2787 almuciis
2769 2718 3156 2803 presumant.

868 2926 1184 2994 Grandi
1232 2926 1829 2992 decedentium
1876 2929 2729 2996 ecclesiasticarum.
2795 2928 2979 3014 (Stat.
3035 2925 3382 3007 XXXVII).

1073 3028 1349 3111 Quilibet
1377 3030 1717 3105 PraelatuS,
1739 3028 2113 3115 Canonicus‚
2137 3034 2442 3111 altarista,
2467 3034 2794 3117 plebauuS,
2813 3032 3080 3097 vicarius
3101 3030 3163 3096 et
3181 3046 3558 3112 quocunque
3577 3023 3764 3089 titulo

866 3134 1289 3215 beneficiatus,
1314 3144 1567 3201 curatus
1595 3133 1657 3200 et
1684 3153 1809 3200 non
1841 3137 2116 3216 curatus,
2141 3137 2201 3201 in
2231 3137 2522 3202 universa
2548 3136 2833 3204 Dioecesi
2865 3132 3279 3211 CracoVIensi‚
3317 3132 3372 3198 si
3401 3130 3668 3196 moritur
3699 3124 3764 3192 in

866 3238 1087 3323 primis
1130 3239 1331 3306 tribus
1378 3239 1699 3306 mensibus
1745 3242 1912 3318 anni,
1960 3239 2316 3324 incipiendo
2364 3259 2596 3306 annum
2643 3260 2680 3307 a
2725 3239 3210 3306 Circumcisione
3249 3235 3526 3311 Domini,
3573 3234 3764 3298 habet

867 3345 1151 3426 quartam
1201 3344 1441 3425 partem
1491 3343 1770 3408 omnium
1807 3344 2198 3423 introituum,
2239 3347 2410 3410 iuxta
2444 3365 2660 3410 verum
2701 3344 2974 3411 valorem
3004 3360 3259 3408 suorum
3295 3338 3762 3412 beneficiorum,

866 3447 978 3513 sed
1024 3448 1373 3514 successori
1410 3446 1724 3512 frumenta
1750 3448 2073 3513 aestivalia
2101 3449 2180 3514 ad
2213 3449 2642 3515 seminandum
2665 3447 3002 3532 praedium
3046 3445 3381 3528 relinquat.
3434 3442 3504 3507 Si
3550 3443 3614 3506 in
3659 3460 3762 3506 se·

867 3551 1086 3617 cundis
1130 3550 1336 3616 tribus
1382 3549 1740 3629 mensibus,
1806 3551 1997 3617 habet
2041 3552 2461 3618 medietatem.
2539 3553 2600 3618 Si
2647 3554 2712 3618 in
2757 3553 2960 3618 tertiis
3005 3551 3209 3617 tribus
3254 3547 3600 3622 mensibuS,
3649 3545 3764 3610 ha-

867 3654 975 3720 bet
1018 3655 1146 3718 tres
1192 3655 1405 3736 partes
1455 3653 1732 3718 omnium
1780 3655 2173 3736 introituum,
2236 3656 2409 3723 iuxta
2454 3676 2669 3722 verum
2715 3657 3026 3734 valorem,
3080 3653 3411 3719 frumentis
3456 3648 3768 3733 hyemali-

866 3758 985 3824 bus
1031 3759 1113 3822 ad
1167 3756 1584 3840 quantitatem
1620 3757 1855 3839 praedii
1903 3776 2025 3823 non
2057 3761 2349 3826 seminati
2397 3762 2742 3826 successori
2799 3760 3050 3826 relictis.
3115 3757 3180 3824 Si
3227 3759 3290 3822 in
3337 3755 3616 3824 residuis.
3653 3753 3765 3817 tri-
3877 3811 3883 3814 .
4008 3733 4011 3788 Ῑ

865 3861 985 3927 bus
1028 3861 1374 3940 mensibus,
1422 3860 1614 3927 habet
1657 3861 1883 3927 totum.

866 4067 1308 4136 Salutaris
1355 4067 1783 4133 doctrina.
1837 4068 2025 4151 (Stat.
2081 4069 2472 4154 XXXVIII).

1074 4171 1381 4258 Capitulis
1409 4173 1809 4258 generalibus
1834 4173 2050 4254 finitis,
2085 4175 2355 4260 Vigiliae
2393 4196 2615 4243 novem
2642 4175 3008 4242 Lectionum
3048 4174 3126 4238 de
3153 4190 3434 4255 vespere,
3477 4172 3543 4236 et
3567 4169 3769 4236 Missa

871 4277 1304 4345 defunctorum
1334 4297 1543 4359 mane,
1610 4279 1839 4363 quibus
1885 4298 2102 4345 omnes
2150 4282 2512 4364 praesentes
2561 4279 2832 4346 Praelati
2877 4280 2942 4346 et
2977 4277 3276 4345 Canonici
3319 4276 3627 4341 interesse
3671 4275 3768 4339 te-

865 4382 1163 4465 neantur,
1210 4400 1321 4467 pro
1370 4382 1698 4449 animabus
1747 4383 2024 4449 omnium
2073 4383 2510 4450 defunctorum
2563 4384 2992 4451 Praelatorum
3039 4383 3104 4448 et
3147 4378 3608 4446 Canonicorum
3653 4378 3762 4444 de-

863 4484 1017 4551 bent
1061 4484 1333 4563 cantari,
1382 4484 1802 4552 detractantes
1849 4486 2058 4552 venire
2105 4489 2168 4553 in
2199 4487 2528 4554 duodecim
2576 4488 2817 4572 grossis
2861 4485 3010 4553 latis
3060 4484 3484 4568 Pragensibus
3529 4483 3762 4566 puniri,

863 4607 978 4673 pro
1024 4589 1251 4673 quibus
1296 4589 1614 4656 solvendis
1684 4591 1915 4656 debent
1960 4592 2278 4658 censui-ari
2301 4640 2318 4671 ,
2387 4592 2451 4657 et
2497 4591 2552 4656 si
2595 4591 2972 4668 restiterint,
3043 4607 3253 4656 carere
3323 4587 3556 4654 debent
3601 4585 3769 4653 omni

866 4692 1257 4775 promotione
1283 4691 1449 4758 vitae
1484 4709 1655 4758 suae.
1704 4693 1881 4758 Tunc
1928 4694 2114 4759 etiam
2136 4695 2335 4761 Missa
2381 4715 2492 4778 pro
2532 4695 2807 4778 peccatis
2854 4693 3042 4760 debet
3086 4691 3324 4777 peragi.
3375 4692 3460 4756 Et
3505 4710 3620 4776 pro
3665 4690 3761 4755 lu·

864 4785 1209 4862 minaribus
1247 4797 1511 4880 quilibet
1532 4797 1858 4863 Praelatus
1896 4800 1959 4865 et
1985 4796 2360 4881 Canonicus,
2401 4799 2464 4863 in
2503 4798 2786 4882 quolibet
2812 4797 3101 4882 Capitulo
3139 4796 3418 4881 generali
3439 4813 3762 4880 praesens,

864 4902 997 4966 tres
1040 4918 1298 4983 grossos
1343 4899 1766 4967 bohemicales
1813 4903 2101 4968 teneatur
2137 4903 2549 4982 contribuere,
2601 4903 2678 4970 de
2725 4903 2952 4986 quibus
3000 4903 3437 4986 procuratores
3475 4901 3765 4967 tenentur

864 5004 1067 5070 facere
1111 5003 1437 5070 rationem.
1488 5004 1945 5072 Interessentes
2002 5008 2427 5088 praemiantur
2479 5023 2585 5073 sex
2631 5007 2892 5091 grossis.
2946 5007 3318 5074 Procurator
3361 5006 3577 5090 potest
3623 5005 3765 5070 dare

863 5106 1181 5175 licentiam
1228 5125 1267 5172 a
1308 5107 1582 5192 Vigiliis.
