4055 6364
1402 769 1966 845 -185-

1484 1029 1910 1130 CCXXV.

239 1241 316 1323 ln
378 1239 714 1323 domibus
769 1237 1326 1321 canonicalibus
1384 1237 1546 1319 nihi!
1606 1238 2090 1326 extruendum
2148 1239 2312 1321 sine
2379 1258 2763 1322 consensu
2820 1240 2904 1321 et
2956 1239 3146 1321 revi-

328 1363 545 1446 sione
598 1360 1069 1444 Venerabilis
1129 1358 1463 1461 capituti.
1520 1359 1728 1441 Anno
1786 1360 1972 1441 1612.
2029 1362 2157 1442 Die
2211 1358 2527 1443 Veneris
2583 1362 2634 1442 5
2694 1360 3066 1444 octobris.

452 1571 637 1648 Oum
691 1571 1018 1648 nonnulli
1068 1570 1658 1646 Reverendorum
1724 1571 2193 1646 Dominorum
2248 1572 2323 1645 in
2380 1570 2712 1647 domibus
2767 1568 3147 1646 canonica·

235 1697 439 1772 libus
493 1695 776 1770 soleant
825 1692 1160 1769 aedificia
1212 1693 1448 1768 minus
1502 1694 1914 1768 necessaria
1970 1701 2342 1786 extruere,
2414 1695 2675 1790 quibus
2732 1693 2971 1792 potius
3021 1715 3149 1789 pa-

231 1818 462 1894 rietes
515 1827 588 1892 et
641 1815 825 1890 muri
880 1815 1250 1892 domorum
1320 1814 1868 1907 labefactantur,
1945 1838 2159 1911 quam
2211 1815 2619 1912 firmantnr3
2691 1814 2859 1890 ideo
2912 1814 3147 1888 Reve-

231 1940 451 2016 rendi
505 1939 802 2015 Domini
857 1944 1295 2014 statuerunt:
1376 1944 1455 2012 ut
1523 1935 1784 2010 amodo
1849 1937 2091 2011 nullus
2161 1935 2750 2012 Reverendorum
2802 1936 3150 2010 Domino·

232 2085 398 2138 rum
451 2060 527 2135 in
581 2059 914 2136 domibus
989 2059 1516 2134 Canonicorum
1591 2060 1854 2134 audeat
1921 2059 2307 2155 quidquam
2364 2057 2455 2132 de
2510 2081 2697 2134 novo
2770 2057 3152 2133 aedificare

233 2183 404 2258 sine
453 2181 923 2279 requisitione
977 2181 1356 2279 capitulari
1409 2205 1498 2254 ac
1550 2203 1929 2256 consensu.

1467 2491 1937 2594 CCXXVI.

233 2703 356 2784 De
393 2699 761 2785 solvenda
787 2702 1023 2803 quota
1059 2719 1110 2782 a
1140 2700 1574 2802 Priviieuiis.
1621 2702 1828 2783 Anno
1864 2700 2045 2783 1613.
2088 2701 2213 2783 Die
2244 2699 2512 2786 martis
2542 2702 2616 2784 21
2648 2703 2933 2786 mensis
2962 2699 3153 2783 maii.

459 2909 639 2987 Cum
693 2911 982 2987 labores
1039 2918 1112 2986 et
1162 2911 1532 3008 impensas
1600 2911 1795 2985 circa
1846 2911 2251 2986 revisiones
2306 2908 2853 3006 Scultetiarum,
2906 2908 3151 2986 Advo-

233 3035 630 3126 catiarum,
687 3033 1224 3126 Tabernarum,
1297 3031 1874 3107 Molendinorum
1941 3041 2014 3107 et
2066 3034 2369 3109 aliarum
2426 3033 2973 3109 Advitalitatum
3025 3055 3157 3131 per

233 3157 607 3232 Dominos
634 3153 819 3230 Loci
846 3151 1274 3231 ordinarios
1312 3155 1648 3253 personis
1685 3155 2180 3231 saecularibus
2217 3179 2751 3250 concessarum,
2794 3179 3013 3255 saepe
3048 3156 3153 3231 fa·

235 3279 450 3356 ciunt
483 3276 893 3354 Reverendi
929 3278 1226 3353 Domini
1262 3287 1332 3353 et
1366 3278 1534 3354 iude
1587 3278 1859 3353 nullum
1915 3278 2362 3355 commodum
2419 3281 2772 3377 sentiunt3
2828 3279 2993 3355 ideo
3046 3279 3155 3353 in·

234 3399 616 3477 haerendo
667 3398 808 3475 iuri
860 3401 1236 3495 communi,
1292 3401 1483 3497 quod
1539 3400 1877 3499 disponit,
1931 3410 2010 3476 ut
2064 3401 2187 3498 qui
2240 3404 2459 3477 sentit
2511 3425 2714 3497 onus,
2772 3402 3039 3478 sentiat
3086 3408 3159 3476 et

249 3523 750 3619 commodum3
811 3522 1114 3599 aliorum
1169 3545 1452 3620 quoque
1489 3521 2003 3621 capitulorum
2055 3525 2457 3622 exemplum
2513 3526 2827 3621 sequuti,
2881 3524 2955 3599 in
3013 3524 3157 3599 hoc

237 3644 578 3742 generali
631 3642 968 3743 Capitulo
1039 3644 1492 3720 statuendum
1550 3644 1942 3735 duxerunt,
2018 3655 2091 3721 et
2143 3654 2222 3720 ut
2270 3647 2527 3723 intuitu
2595 3647 3155 3744 praemissorum

239 3774 328 3843 et
380 3789 778 3844 consensus
851 3765 1272 3866 capitularis
1341 3767 1419 3840 in
1475 3767 1988 3863 sigillationem
2060 3768 2471 3843 huiusmodi
2540 3768 2911 3843 literarum
2983 3768 3154 3858 dati,

243 3896 522 3964 certam
576 3898 864 3985 quotam
921 3912 1051 3986 per
1100 3887 1572 3964 Reverendos
1625 3890 1979 3964 Dominos
2035 3888 2583 3983 decernendam,
2641 3890 2943 3986 quilibet
2994 3888 3155 3965 Pri·

243 4010 598 4105 vilegium
669 4034 890 4111 super
933 4009 1326 4095 ‚Scultetiis
1355 4068 1372 4103 ‚
1445 4009 1876 4087 Advocatiis
1946 4020 2020 4087 et·
2069 4012 2236 4087 aliis
2306 4012 2519 4087 bonis
2592 4012 3153 4109 episcopalibus,

246 4153 681 4230 quocunque
751 4130 1040 4207 nomine
1109 4132 1572 4229 nuncupatio,
1641 4132 1736 4207 ad
1791 4140 2112 4208 extrema
2162 4134 2355 4208 vitae
2408 4142 2733 4231 tempora
2802 4134 3155 4225 obtinens,

245 4253 411 4331 suis
471 4252 921 4331 Reverendis
988 4253 1326 4329 Dominis
1398 4255 1676 4347 solvat,
1752 4255 1958 4331 salvo
2012 4255 2477 4330 nihilominus
2549 4255 2817 4331 salario
2872 4254 3157 4331 Notarii

245 4382 602 4453 consueto
655 4384 1141 4472 permanente.

1453 4584 1966 4689 CCXXVII.

248 4792 372 4877 De
400 4790 818 4875 claudenda
853 4790 1115 4895 platea
1145 4794 1581 4877 canonicali.
1620 4795 1827 4878 Anno
1859 4792 2049 4878 1614.
2090 4796 2216 4879 nie
2248 4794 2516 4882 Martis
2545 4796 2622 4881 13
2652 4798 2934 4883 mensis
2962 4798 3155 4883 maii.

470 4998 1148 5080 Animadvertentes
1200 5004 1613 5081 Reverendi
1673 5007 1970 5082 Domini
2036 5016 2376 5105 quantum
2445 5008 2781 5083 damnum
2835 5018 2908 5085 et
2960 5008 3156 5087 dete-

251 5122 720 5200 riorationem
773 5126 1016 5223 platea
1071 5134 1144 5201 et
1185 5126 1376 5203 domi
1432 5129 1892 5204 canonicales
1946 5153 2040 5205 ex
2074 5132 2369 5208 assidua
2423 5134 2781 5225 arborum,
2836 5132 3156 5231 lapidum

255 5256 338 5321 et
387 5245 691 5320 aliarum
743 5247 1196 5323 materiarum
1247 5250 1580 5345 gravium
1633 5258 1928 5325 vectura
1965 5253 2351 5351 excipiunt,
2408 5252 3032 5353 tranquillitasque
3082 5256 3157 5331 in

253 5390 354 5445 ea
409 5375 626 5465 prout
676 5367 906 5464 decet,
961 5394 1008 5444 a
1058 5371 1394 5469 personis
1446 5373 1941 5449 saecularibus
1992 5396 2135 5448 non
2190 5384 2539 5471 servatur,
2596 5378 2939 5453 concordi
2991 5386 3160 5454 voto

2798 5494 2883 5560 24
