4055 6364
2017 731 2581 810 -164—

853 949 1096 1025 officia
1131 946 1374 1022 Festis
1413 944 1942 1022 solennioribus
1983 951 2056 1020 et
2092 943 2429 1044 Capitula
2467 945 2991 1043 septimanalia,
3044 946 3119 1020 in
3157 945 3415 1041 quibus
3455 947 3755 1041 negotia

847 1070 1228 1146 Ecclesiae
1281 1075 1694 1162 tractantur,
1765 1066 2231 1162 negligenda.
2320 1067 2769 1143 Reverendis
2823 1068 3157 1143 Dominis
3208 1065 3514 1144 Alberto
3568 1065 3753 1166 Say-

849 1190 1172 1268 dlowski
1225 1187 1568 1280 Custode,
1623 1189 1855 1265 Paulo
1906 1189 2202 1282 Dabski
2253 1186 2744 1286 suffraganeo,
2802 1189 3097 1265 Vicario
3151 1196 3223 1264 et
3268 1188 3586 1265 Officiali
3620 1213 3755 1285 ge-

846 1315 1118 1404 nerali,
1193 1312 1412 1387 Petro
1485 1309 1858 1408 Gorcini0‚
1924 1311 2213 1388 Joanne
2266 1311 2714 1410 Zerzynski,
2776 1310 3063 1387 Joanne
3116 1310 3351 1386 Foxio
3404 1318 3476 1386 et
3528 1311 3753 1387 Nico·

847 1437 969 1514 Iao
1021 1433 1510 1510 Taranowski
1563 1432 1956 1510 Canonicis
2001 1434 2076 1509 in
2114 1433 2680 1533 suprascriptum
2733 1434 3144 1527 Decretum,
3201 1457 3362 1508 cum
3408 1456 3537 1531 per
3570 1432 3757 1508 illud

851 1559 1088 1634 cultus
1142 1557 1430 1633 divinus
1484 1555 1779 1631 diminui
1833 1554 2185 1651 videatur,
2241 1564 2314 1630 et
2364 1557 2641 1652 absque
2698 1578 3056 1632 consensu
3109 1561 3181 1629 et
3231 1555 3759 1652 approbatione

853 1679 1220 1756 Ordinarii
1275 1678 1494 1753 statui
1544 1701 1688 1753 non
1723 1678 1976 1777 possit,
2036 1701 2177 1754 non
2233 1678 2848 1753 consentientibus
2900 1685 2975 1752 et
3026 1677 3117 1752 de
3169 1677 3311 1751 hoc
3364 1676 3762 1752 solenniter

849 1801 1438 1902 protestantibus.

2138 1987 2474 2092 CXCII.

983 2201 1091 2282 ne
1143 2200 1427 2283 salario
1481 2199 1961 2283 vicariorum.
2018 2199 2228 2284 Anno
2287 2199 2501 2282 1603.
2559 2201 2689 2284 nie
2750 2200 3064 2283 Veneris
3122 2201 3203 2282 10
3261 2199 3631 2283 octobris.

1061 2410 1256 2502 Quia
1309 2410 1528 2486 decor
1581 2410 1962 2506 Ecclesiae
1995 2410 2073 2485 in
2110 2411 2560 2486 multitudine
2615 2410 3098 2509 psallentium,
3154 2409 3567 2508 Divinaque
3622 2407 3761 2484 Of-

852 2534 1020 2608 ficia
1047 2534 1540 2632 peragentium
1571 2540 1643 2608 et
1671 2529 2138 2608 Sacramenta
2166 2533 2714 2608 ministrantium
2751 2534 3100 2626 consistit,
3137 2532 3305 2608 ideo
3344 2525 3765 2608 Reverendi

854 2655 1152 2732 Domini
1202 2656 1276 2730 in
1329 2656 1472 2730 hoc
1532 2656 1861 2752 generali
1913 2653 2253 2753 Capitulo
2308 2657 2763 2751 congregati,
2838 2657 3154 2732 unanimi
3206 2665 3377 2732 voto
3428 2654 3767 2730 volentes

855 2779 1147 2875 plenum
1198 2800 1566 2852 numerum
1614 2777 2069 2854 Vicariorum
2122 2777 2415 2873 habere,
2474 2801 2743 2875 eosque
2796 2787 2993 2854 certo
3048 2781 3316 2856 salario
3371 2779 3765 2854 constituto

857 2900 1190 2995 retinere,
1247 2907 1684 2975 statuerunt:
1744 2898 2040 2975 Vicario
2092 2900 2389 2976 fundum
2428 2923 2571 2976 non
2606 2901 2903 2977 habenti
2954 2903 3249 2998 triginta
3300 2903 3589 2976 Mai-cas
3628 2923 3763 2998 po-

854 3022 1208 3098 lonicales
1280 3046 1410 3121 per
1462 3023 1876 3098 Praelatum
1948 3031 2020 3098 et
2092 3022 2533 3099 Canonicnm
2606 3047 2813 3100 suum
2892 3025 3255 3101 aunuatim
3328 3024 3767 3121 solvendas;

856 3144 1153 3221 habenti
1205 3168 1380 3221 vero
1435 3143 1752 3241 fundum,
1811 3145 1942 3221 sed
1996 3168 2139 3221 non
2193 3147 2577 3223 facientem
2631 3148 2929 3243 triginta
2980 3126 3272 3224 Marcas
3293 3207 3310 3242 ,
3386 3153 3769 3245 computa-

859 3269 1054 3344 tione
1107 3268 1306 3343 illius
1340 3269 1554 3364 facta,
1609 3267 1686 3343 id
1723 3268 1918 3365 quod
1972 3267 2500 3345 desiderabitur
2542 3270 2636 3345 ad
2672 3270 3079 3347 huiusmodi
3131 3271 3425 3366 triginta
3478 3270 3771 3344 Marca-

860 3414 1015 3467 rum
1069 3414 1442 3487 summam,
1496 3389 1926 3487 addendum,
1984 3391 2437 3487 ordinantes,
2495 3400 2573 3468 ut
2624 3392 2790 3469 dum
2851 3402 2922 3467 et
2977 3394 3261 3489 quoties
3314 3392 3577 3489 aliquis
3630 3390 3773 3467 Vi-

862 3514 1217 3589 cariorum
1273 3536 1477 3588 suam
1513 3512 1882 3589 Vicariam
1937 3514 2316 3608 dimittere,
2375 3522 2497 3590 aut
2550 3514 2767 3590 alium
2822 3514 3120 3590 fundum
3174 3516 3543 3591 meliorem
3598 3538 3769 3590 sus-

863 3636 1109 3735 cipere
1163 3635 1493 3731 voluerit,
1549 3637 1762 3712 huius
1816 3635 2426 3712 denuntiationem
2462 3639 2551 3741 ‘in
2607 3636 2945 3737 Capitulo
3000 3660 3241 3713 coram
3294 3638 3449 3713 suis
3503 3638 3769 3712 Domi-

861 3757 979 3833 nis
1029 3758 1481 3835 Reverendis
1536 3766 1700 3834 ante
1752 3766 1902 3834 tres
1954 3782 2283 3854 menses,
2360 3760 2548 3834 intra
2602 3783 2787 3856 quos
2840 3760 3223 3835 Praelatus
3276 3767 3399 3835 aut
3450 3758 3773 3835 Canoni-

865 3902 995 3955 cns
1066 3879 1157 3955 de
1219 3878 1364 3955 alio
1435 3880 1731 3956 Vicario
1781 3880 1858 3954 in
1910 3881 2149 3957 locum
2224 3882 2381 3957 eius
2451 3881 2889 3957 instituendo
2959 3883 3386 3980 tempestive
3458 3881 3775 3965 curabit,

864 4001 1107 4078 faciat.
1162 4003 1664 4079 Decreverunt
1712 4003 2012 4100 insuper
2065 4005 2373 4101 praefati
2424 4003 2855 4099 Reverendi,
2912 4013 2993 4080 ut
3034 4027 3246 4080 nemo
3284 4028 3529 4081 eorum
3584 4005 3777 4077 alte-

867 4124 1022 4200 rins
1073 4123 1442 4202 Vicarium
1498 4126 1860 4202 abducere
1914 4134 1988 4202 et
2040 4127 2461 4224 praemissis
2514 4150 2656 4202 non
2714 4128 3045 4221 servatis,
3103 4151 3237 4226 pro
3273 4127 3569 4204 Vicario
3607 4150 3779 4202 sus-

869 4247 1112 4347 cipere
1163 4248 1446 4343 audeat,
1502 4249 1640 4325 sub
1692 4250 2101 4348 privatione
2154 4251 2365 4326 unius
2420 4251 2690 4325 mensis
2742 4251 3233 4326 refectionum.

2125 4561 2502 4664 CXCIII.

1143 4767 1248 4848 ne
1303 4770 1838 4853 consolatione.
1895 4770 2102 4853 Anno
2161 4769 2379 4853 1603.
2438 4770 2564 4853 nie
2619 4769 2935 4854 sabbati
2994 4770 3073 4853 18
3128 4769 3501 4854 octobris.

1087 4986 1584 5059 Decreverunt
1635 4979 2049 5056 Reverendi
2101 4981 2396 5057 Domini
2451 4980 2904 5079 Ospitulares
2940 4982 3194 5075 vigore
3227 4981 3594 5076 generalis
3630 4980 3788 5057 Ca-

879 5105 1090 5204 pituli
1141 5106 1216 5180 in
1272 5111 1636 5202 posterum
1713 5102 2184 5179 servandum:
2244 5111 2319 5179 ut
2388 5128 2638 5179 omnes
2709 5111 2779 5179 et
2849 5104 3117 5200 singuli
3184 5102 3787 5195 Reverendorum

879 5228 1348 5303 Dominorum
1404 5226 1664 5301 rationi
1702 5227 2105 5324 praesentis
2161 5225 2481 5325 Capituli
2530 5228 2897 5323 intersint3
2954 5228 3018 5301 si
3054 5235 3288 5301 autem
3324 5227 3489 5322 quis
3523 5249 3791 5303 eorum

879 5349 1148 5425 absens
1215 5374 1304 5425 ea
1368 5349 1484 5425 die
1554 5350 1804 5446 fuerit,
1880 5373 2024 5446 qua
2084 5350 2269 5425 ratio
2340 5357 2747 5448 peragetur,
2816 5350 2927 5425 illi
2994 5357 3329 5449 respectu
3400 5350 3797 5427 absentiae
