<?xml version="1.0" encoding="UTF-8"?>
<!DOCTYPE html PUBLIC "-//W3C//DTD XHTML 1.0 Transitional//EN"
    "http://www.w3.org/TR/xhtml1/DTD/xhtml1-transitional.dtd">
<html xmlns="http://www.w3.org/1999/xhtml" xml:lang="en" lang="en">
 <head>
  <title>
</title>
<meta http-equiv="Content-Type" content="text/html;charset=utf-8" />
  <meta name='ocr-system' content='tesseract 3.04.00' />
  <meta name='ocr-capabilities' content='ocr_page ocr_carea ocr_par ocr_line ocrx_word'/>
</head>
<body>
  <div class='ocr_page' id='page_1' title='image "./statutacapitula00nykogoog_0241.png"; bbox 0 0 4055 6364; ppageno 0'>
   <div class='ocr_carea' id='block_1_1' title="bbox 2074 748 2638 824">
    <p class='ocr_par' dir='ltr' id='par_1_1' title="bbox 2074 748 2638 824">
     <span class='ocr_line' id='line_1_1' title="bbox 2074 748 2638 824; baseline 0.002 -1"><span class='ocrx_word' id='word_1_1' title='bbox 2074 793 2159 802; x_wconf 93' lang='lat'><strong>--</strong></span> <span class='ocrx_word' id='word_1_2' title='bbox 2278 748 2429 824; x_wconf 88' lang='grc'><strong>218</strong></span> <span class='ocrx_word' id='word_1_3' title='bbox 2536 795 2638 806; x_wconf 90' lang='lat'><strong>--</strong></span> 
     </span>
    </p>
   </div>
   <div class='ocr_carea' id='block_1_2' title="bbox 899 953 3809 1785">
    <p class='ocr_par' dir='ltr' id='par_1_2' title="bbox 899 953 3809 1785">
     <span class='ocr_line' id='line_1_2' title="bbox 899 953 3808 1054; baseline -0.002 -20"><span class='ocrx_word' id='word_1_4' title='bbox 899 960 1221 1034; x_wconf 74' lang='lat' dir='ltr'>illustres</span> <span class='ocrx_word' id='word_1_5' title='bbox 1273 969 1346 1033; x_wconf 86' lang='lat' dir='ltr'><strong>et</strong></span> <span class='ocrx_word' id='word_1_6' title='bbox 1399 955 2014 1032; x_wconf 89' lang='lat' dir='ltr'><strong>Reverendissimi</strong></span> <span class='ocrx_word' id='word_1_7' title='bbox 2069 957 2363 1030; x_wconf 86' lang='lat' dir='ltr'><strong>Domini</strong></span> <span class='ocrx_word' id='word_1_8' title='bbox 2418 958 2819 1054; x_wconf 86' lang='lat' dir='ltr'><strong>privatione</strong></span> <span class='ocrx_word' id='word_1_9' title='bbox 2874 979 3137 1054; x_wconf 90' lang='lat' dir='ltr'><strong>panum</strong></span> <span class='ocrx_word' id='word_1_10' title='bbox 3191 956 3393 1030; x_wconf 88' lang='lat' dir='ltr'><strong>illius</strong></span> <span class='ocrx_word' id='word_1_11' title='bbox 3446 955 3589 1030; x_wconf 91' lang='lat' dir='ltr'><strong>diei</strong></span> <span class='ocrx_word' id='word_1_12' title='bbox 3620 953 3808 1030; x_wconf 89' lang='lat' dir='ltr'><strong>dun-</strong></span> 
     </span>
     <span class='ocr_line' id='line_1_3' title="bbox 900 1075 3808 1176; baseline -0.001 -21"><span class='ocrx_word' id='word_1_13' title='bbox 900 1087 1101 1155; x_wconf 78' lang='lat' dir='ltr'><strong>taxat</strong></span> <span class='ocrx_word' id='word_1_14' title='bbox 1151 1079 1702 1154; x_wconf 88' lang='lat' dir='ltr'><strong>mulctabuntur.</strong></span> <span class='ocrx_word' id='word_1_15' title='bbox 1760 1075 1840 1153; x_wconf 88' lang='lat' dir='ltr'><strong>Si</strong></span> <span class='ocrx_word' id='word_1_16' title='bbox 1877 1101 2051 1152; x_wconf 88' lang='lat' dir='ltr'><strong>vero</strong></span> <span class='ocrx_word' id='word_1_17' title='bbox 2088 1077 2473 1153; x_wconf 87' lang='lat' dir='ltr'><strong>Festorum</strong></span> <span class='ocrx_word' id='word_1_18' title='bbox 2509 1079 3070 1176; x_wconf 86' lang='lat' dir='ltr'><strong>praemissorum</strong></span> <span class='ocrx_word' id='word_1_19' title='bbox 3108 1077 3389 1168; x_wconf 90' lang='lat' dir='ltr'><strong>diebus,</strong></span> <span class='ocrx_word' id='word_1_20' title='bbox 3438 1077 3808 1172; x_wconf 81' lang='lat' dir='ltr'><strong>legitimis,</strong></span> 
     </span>
     <span class='ocr_line' id='line_1_4' title="bbox 901 1198 3809 1295; baseline -0.002 -18"><span class='ocrx_word' id='word_1_21' title='bbox 901 1203 1110 1278; x_wconf 88' lang='lat' dir='ltr'><strong>iustis</strong></span> <span class='ocrx_word' id='word_1_22' title='bbox 1181 1225 1269 1276; x_wconf 90' lang='lat' dir='ltr'><strong>ac</strong></span> <span class='ocrx_word' id='word_1_23' title='bbox 1320 1201 1521 1276; x_wconf 86' lang='lat' dir='ltr'><strong>iuxta</strong></span> <span class='ocrx_word' id='word_1_24' title='bbox 1575 1198 1858 1275; x_wconf 89' lang='lat' dir='ltr'><strong>Statnta</strong></span> <span class='ocrx_word' id='word_1_25' title='bbox 1909 1200 2417 1275; x_wconf 75' lang='lat' dir='ltr'><strong>occasionibus</strong></span> <span class='ocrx_word' id='word_1_26' title='bbox 2492 1200 2818 1276; x_wconf 80' lang='lat' dir='ltr'><strong>abstrahi</strong></span> <span class='ocrx_word' id='word_1_27' title='bbox 2892 1200 3307 1295; x_wconf 86' lang='lat' dir='ltr'><strong>contigerit,</strong></span> <span class='ocrx_word' id='word_1_28' title='bbox 3382 1199 3484 1272; x_wconf 89' lang='lat' dir='ltr'><strong>ita</strong></span> <span class='ocrx_word' id='word_1_29' title='bbox 3535 1207 3609 1274; x_wconf 87' lang='lat' dir='ltr'><strong>ut</strong></span> <span class='ocrx_word' id='word_1_30' title='bbox 3658 1222 3809 1272; x_wconf 89' lang='lat' dir='ltr'><strong>non</strong></span> 
     </span>
     <span class='ocr_line' id='line_1_5' title="bbox 900 1320 3808 1422; baseline -0.002 -22"><span class='ocrx_word' id='word_1_31' title='bbox 900 1325 1186 1422; x_wconf 77' lang='lat' dir='ltr'><strong>possint</strong></span> <span class='ocrx_word' id='word_1_32' title='bbox 1235 1325 1612 1417; x_wconf 90' lang='lat' dir='ltr'><strong>interesse,</strong></span> <span class='ocrx_word' id='word_1_33' title='bbox 1685 1323 2098 1418; x_wconf 87' lang='lat' dir='ltr'><strong>legalitates</strong></span> <span class='ocrx_word' id='word_1_34' title='bbox 2154 1330 2226 1396; x_wconf 90' lang='lat' dir='ltr'><strong>et</strong></span> <span class='ocrx_word' id='word_1_35' title='bbox 2279 1321 2739 1397; x_wconf 87' lang='lat' dir='ltr'><strong>difficultates</strong></span> <span class='ocrx_word' id='word_1_36' title='bbox 2810 1320 3162 1397; x_wconf 89' lang='lat' dir='ltr'><strong>eiusmodi</strong></span> <span class='ocrx_word' id='word_1_37' title='bbox 3234 1321 3609 1419; x_wconf 88' lang='lat' dir='ltr'><strong>praevisas</strong></span> <span class='ocrx_word' id='word_1_38' title='bbox 3678 1343 3808 1394; x_wconf 81' lang='lat' dir='ltr'><strong>ex·</strong></span> 
     </span>
     <span class='ocr_line' id='line_1_6' title="bbox 900 1441 3803 1542; baseline -0.002 -22"><span class='ocrx_word' id='word_1_39' title='bbox 900 1447 1257 1522; x_wconf 90' lang='lat' dir='ltr'><strong>cusabunt</strong></span> <span class='ocrx_word' id='word_1_40' title='bbox 1327 1446 1485 1519; x_wconf 86' lang='lat' dir='ltr'><strong>sive</strong></span> <span class='ocrx_word' id='word_1_41' title='bbox 1556 1469 1688 1542; x_wconf 90' lang='lat' dir='ltr'><strong>per</strong></span> <span class='ocrx_word' id='word_1_42' title='bbox 1739 1468 1844 1539; x_wconf 87' lang='lat' dir='ltr'><strong>se,</strong></span> <span class='ocrx_word' id='word_1_43' title='bbox 1921 1445 2077 1518; x_wconf 88' lang='lat' dir='ltr'><strong>sive</strong></span> <span class='ocrx_word' id='word_1_44' title='bbox 2131 1468 2265 1541; x_wconf 90' lang='lat' dir='ltr'><strong>per</strong></span> <span class='ocrx_word' id='word_1_45' title='bbox 2318 1467 2493 1518; x_wconf 85' lang='lat' dir='ltr'><strong>suos</strong></span> <span class='ocrx_word' id='word_1_46' title='bbox 2546 1444 2923 1519; x_wconf 86' lang='lat' dir='ltr'><strong>Ministros</strong></span> <span class='ocrx_word' id='word_1_47' title='bbox 2973 1443 3389 1517; x_wconf 87' lang='lat' dir='ltr'><strong>Perillustri</strong></span> <span class='ocrx_word' id='word_1_48' title='bbox 3440 1451 3513 1516; x_wconf 90' lang='lat' dir='ltr'><strong>et</strong></span> <span class='ocrx_word' id='word_1_49' title='bbox 3562 1441 3803 1515; x_wconf 84' lang='lat' dir='ltr'><strong>Reve-</strong></span> 
     </span>
     <span class='ocr_line' id='line_1_7' title="bbox 901 1564 3808 1664; baseline -0.001 -23"><span class='ocrx_word' id='word_1_50' title='bbox 901 1565 1336 1642; x_wconf 87' lang='lat' dir='ltr'><strong>rendissimo</strong></span> <span class='ocrx_word' id='word_1_51' title='bbox 1391 1567 1706 1641; x_wconf 89' lang='lat' dir='ltr'><strong>Domino</strong></span> <span class='ocrx_word' id='word_1_52' title='bbox 1761 1565 2221 1642; x_wconf 87' lang='lat' dir='ltr'><strong>Praesidenti</strong></span> <span class='ocrx_word' id='word_1_53' title='bbox 2273 1589 2407 1664; x_wconf 93' lang='lat' dir='ltr'><strong>pro</strong></span> <span class='ocrx_word' id='word_1_54' title='bbox 2444 1576 2789 1663; x_wconf 90' lang='lat' dir='ltr'><strong>tempore,</strong></span> <span class='ocrx_word' id='word_1_55' title='bbox 2852 1589 3084 1663; x_wconf 89' lang='lat' dir='ltr'><strong>eoque</strong></span> <span class='ocrx_word' id='word_1_56' title='bbox 3136 1564 3353 1641; x_wconf 89' lang='lat' dir='ltr'><strong>modo</strong></span> <span class='ocrx_word' id='word_1_57' title='bbox 3391 1566 3808 1662; x_wconf 82' lang='lat' dir='ltr'><strong>imputatam</strong></span> 
     </span>
     <span class='ocr_line' id='line_1_8' title="bbox 899 1689 1828 1785; baseline 0 -22"><span class='ocrx_word' id='word_1_58' title='bbox 899 1689 1270 1766; x_wconf 89' lang='lat' dir='ltr'><strong>habebunt</strong></span> <span class='ocrx_word' id='word_1_59' title='bbox 1321 1689 1828 1785; x_wconf 80' lang='lat' dir='ltr'><strong>praesentiam.</strong></span> 
     </span>
    </p>
   </div>
   <div class='ocr_carea' id='block_1_3' title="bbox 2141 1999 2553 2102">
    <p class='ocr_par' dir='ltr' id='par_1_3' title="bbox 2141 1999 2553 2102">
     <span class='ocr_line' id='line_1_9' title="bbox 2141 1999 2553 2102; baseline -0.005 0"><span class='ocrx_word' id='word_1_60' title='bbox 2141 1999 2553 2102; x_wconf 86' lang='lat' dir='ltr'><strong>CCLXX.</strong></span> 
     </span>
    </p>
   </div>
   <div class='ocr_carea' id='block_1_4' title="bbox 1029 2205 3699 2413">
    <p class='ocr_par' dir='ltr' id='par_1_4' title="bbox 1029 2205 3699 2413">
     <span class='ocr_line' id='line_1_10' title="bbox 1029 2205 3699 2309; baseline 0 -21"><span class='ocrx_word' id='word_1_61' title='bbox 1029 2208 1135 2290; x_wconf 82' lang='lat' dir='ltr'><strong>ne</strong></span> <span class='ocrx_word' id='word_1_62' title='bbox 1191 2207 1638 2309; x_wconf 75' lang='lat' dir='ltr'><strong>praesentia</strong></span> <span class='ocrx_word' id='word_1_63' title='bbox 1692 2207 2093 2309; x_wconf 73' lang='lat' dir='ltr'><strong>neputatis</strong></span> <span class='ocrx_word' id='word_1_64' title='bbox 2148 2207 2247 2289; x_wconf 83' lang='lat' dir='ltr'><strong>ad</strong></span> <span class='ocrx_word' id='word_1_65' title='bbox 2302 2207 2645 2290; x_wconf 70' lang='lat' dir='ltr'><strong>&#39;tribunal</strong></span> <span class='ocrx_word' id='word_1_66' title='bbox 2704 2207 2951 2308; x_wconf 70' lang='lat' dir='ltr'><strong>neunt,</strong></span> <span class='ocrx_word' id='word_1_67' title='bbox 3007 2207 3233 2289; x_wconf 78' lang='lat' dir='ltr'><strong>facta</strong></span> <span class='ocrx_word' id='word_1_68' title='bbox 3286 2205 3699 2288; x_wconf 80' lang='lat' dir='ltr'><strong>declaratio</strong></span> 
     </span>
     <span class='ocr_line' id='line_1_11' title="bbox 1866 2329 2843 2413; baseline 0 -3"><span class='ocrx_word' id='word_1_69' title='bbox 1866 2329 2075 2413; x_wconf 72' lang='lat' dir='ltr'><strong>Anno</strong></span> <span class='ocrx_word' id='word_1_70' title='bbox 2132 2331 2311 2411; x_wconf 87' lang='grc'><strong>1727</strong></span> <span class='ocrx_word' id='word_1_71' title='bbox 2367 2329 2486 2412; x_wconf 80' lang='lat' dir='ltr'><strong>die</strong></span> <span class='ocrx_word' id='word_1_72' title='bbox 2540 2329 2593 2411; x_wconf 88' lang='lat'>5</span> <span class='ocrx_word' id='word_1_73' title='bbox 2652 2329 2843 2411; x_wconf 80' lang='lat' dir='ltr'><strong>lunii.</strong></span> 
     </span>
    </p>
   </div>
   <div class='ocr_carea' id='block_1_5' title="bbox 905 2537 3807 3124">
    <p class='ocr_par' dir='ltr' id='par_1_5' title="bbox 905 2537 3807 3124">
     <span class='ocr_line' id='line_1_12' title="bbox 1111 2537 3807 2638; baseline -0.001 -23"><span class='ocrx_word' id='word_1_74' title='bbox 1111 2541 1322 2616; x_wconf 82' lang='lat' dir='ltr'><strong>Licet</strong></span> <span class='ocrx_word' id='word_1_75' title='bbox 1414 2542 1614 2616; x_wconf 82' lang='lat' dir='ltr'><strong>iuxta</strong></span> <span class='ocrx_word' id='word_1_76' title='bbox 1685 2539 1964 2616; x_wconf 88' lang='lat' dir='ltr'><strong>Statuta</strong></span> <span class='ocrx_word' id='word_1_77' title='bbox 2036 2548 2108 2615; x_wconf 88' lang='lat' dir='ltr'><strong>et</strong></span> <span class='ocrx_word' id='word_1_78' title='bbox 2183 2542 2421 2634; x_wconf 89' lang='lat' dir='ltr'><strong>legem</strong></span> <span class='ocrx_word' id='word_1_79' title='bbox 2497 2537 2875 2638; x_wconf 79' lang='lat' dir='ltr'><strong>positivam</strong></span> <span class='ocrx_word' id='word_1_80' title='bbox 2945 2540 3165 2613; x_wconf 88' lang='lat' dir='ltr'><strong>latam</strong></span> <span class='ocrx_word' id='word_1_81' title='bbox 3250 2539 3341 2614; x_wconf 93' lang='lat' dir='ltr'><strong>de</strong></span> <span class='ocrx_word' id='word_1_82' title='bbox 3424 2538 3807 2637; x_wconf 83' lang='lat' dir='ltr'><strong>Deputatis</strong></span> 
     </span>
     <span class='ocr_line' id='line_1_13' title="bbox 905 2660 3803 2758; baseline -0.001 -21"><span class='ocrx_word' id='word_1_83' title='bbox 905 2663 1000 2737; x_wconf 91' lang='lat' dir='ltr'><strong>ad</strong></span> <span class='ocrx_word' id='word_1_84' title='bbox 1054 2661 1408 2738; x_wconf 83' lang='lat' dir='ltr'><strong>Tribunal</strong></span> <span class='ocrx_word' id='word_1_85' title='bbox 1482 2662 1761 2756; x_wconf 87' lang='lat' dir='ltr'><strong>Regni,</strong></span> <span class='ocrx_word' id='word_1_86' title='bbox 1836 2669 2072 2737; x_wconf 89' lang='lat' dir='ltr'><strong>stante</strong></span> <span class='ocrx_word' id='word_1_87' title='bbox 2136 2685 2269 2737; x_wconf 89' lang='lat' dir='ltr'><strong>sua</strong></span> <span class='ocrx_word' id='word_1_88' title='bbox 2321 2662 2687 2736; x_wconf 89' lang='lat' dir='ltr'><strong>functione</strong></span> <span class='ocrx_word' id='word_1_89' title='bbox 2760 2663 3103 2758; x_wconf 88' lang='lat' dir='ltr'><strong>Deputati</strong></span> <span class='ocrx_word' id='word_1_90' title='bbox 3166 2660 3533 2756; x_wconf 84' lang='lat' dir='ltr'><strong>gaudeant</strong></span> <span class='ocrx_word' id='word_1_91' title='bbox 3599 2683 3803 2758; x_wconf 87' lang='lat' dir='ltr'><strong>prac-</strong></span> 
     </span>
     <span class='ocr_line' id='line_1_14' title="bbox 907 2783 3802 2881; baseline -0.001 -23"><span class='ocrx_word' id='word_1_92' title='bbox 907 2785 1160 2859; x_wconf 86' lang='lat' dir='ltr'><strong>sentiis</strong></span> <span class='ocrx_word' id='word_1_93' title='bbox 1231 2784 1750 2880; x_wconf 78' lang='lat' dir='ltr'><strong>capitularibus</strong></span> <span class='ocrx_word' id='word_1_94' title='bbox 1821 2783 2060 2880; x_wconf 91' lang='lat' dir='ltr'><strong>quoad</strong></span> <span class='ocrx_word' id='word_1_95' title='bbox 2137 2783 2764 2881; x_wconf 76' lang='lat' dir='ltr'><strong>participationem</strong></span> <span class='ocrx_word' id='word_1_96' title='bbox 2844 2783 3310 2857; x_wconf 87' lang='lat' dir='ltr'><strong>refectionum</strong></span> <span class='ocrx_word' id='word_1_97' title='bbox 3398 2791 3473 2856; x_wconf 86' lang='lat' dir='ltr'><strong>et</strong></span> <span class='ocrx_word' id='word_1_98' title='bbox 3540 2783 3802 2856; x_wconf 81' lang='lat' dir='ltr'><strong>obven-</strong></span> 
     </span>
     <span class='ocr_line' id='line_1_15' title="bbox 907 2904 3807 3004; baseline -0.002 -23"><span class='ocrx_word' id='word_1_99' title='bbox 907 2907 1213 2996; x_wconf 88' lang='lat' dir='ltr'><strong>tionum,</strong></span> <span class='ocrx_word' id='word_1_100' title='bbox 1307 2915 1453 2980; x_wconf 89' lang='lat' dir='ltr'><strong>tum</strong></span> <span class='ocrx_word' id='word_1_101' title='bbox 1543 2906 1822 2981; x_wconf 88' lang='lat' dir='ltr'><strong>duabus</strong></span> <span class='ocrx_word' id='word_1_102' title='bbox 1895 2907 2320 3004; x_wconf 88' lang='lat' dir='ltr'><strong>septimanis</strong></span> <span class='ocrx_word' id='word_1_103' title='bbox 2414 2928 2545 3002; x_wconf 86' lang='lat' dir='ltr'><strong>pro</strong></span> <span class='ocrx_word' id='word_1_104' title='bbox 2610 2905 2867 2978; x_wconf 89' lang='lat' dir='ltr'><strong>itincre</strong></span> <span class='ocrx_word' id='word_1_105' title='bbox 2955 2906 3129 2978; x_wconf 89' lang='lat' dir='ltr'><strong>illuc</strong></span> <span class='ocrx_word' id='word_1_106' title='bbox 3220 2904 3595 2997; x_wconf 86' lang='lat' dir='ltr'><strong>faciendo,</strong></span> <span class='ocrx_word' id='word_1_107' title='bbox 3664 2927 3807 2978; x_wconf 86' lang='lat' dir='ltr'><strong>uua</strong></span> 
     </span>
     <span class='ocr_line' id='line_1_16' title="bbox 907 3024 3803 3124; baseline -0.002 -22"><span class='ocrx_word' id='word_1_108' title='bbox 907 3028 1226 3102; x_wconf 90' lang='lat' dir='ltr'><strong>secunda</strong></span> <span class='ocrx_word' id='word_1_109' title='bbox 1280 3051 1410 3124; x_wconf 88' lang='lat' dir='ltr'><strong>pro</strong></span> <span class='ocrx_word' id='word_1_110' title='bbox 1465 3026 1698 3102; x_wconf 88' lang='lat' dir='ltr'><strong>reditu</strong></span> <span class='ocrx_word' id='word_1_111' title='bbox 1736 3051 1828 3100; x_wconf 82' lang='lat' dir='ltr'><strong>ex</strong></span> <span class='ocrx_word' id='word_1_112' title='bbox 1864 3028 2230 3101; x_wconf 85' lang='lat' dir='ltr'><strong>functione</strong></span> <span class='ocrx_word' id='word_1_113' title='bbox 2267 3024 2742 3117; x_wconf 87' lang='lat' dir='ltr'><strong>tribunalitia,</strong></span> <span class='ocrx_word' id='word_1_114' title='bbox 2793 3029 2866 3099; x_wconf 92' lang='lat' dir='ltr'><strong>in</strong></span> <span class='ocrx_word' id='word_1_115' title='bbox 2905 3026 3225 3100; x_wconf 87' lang='lat' dir='ltr'><strong>favorem</strong></span> <span class='ocrx_word' id='word_1_116' title='bbox 3281 3027 3803 3123; x_wconf 85' lang='lat' dir='ltr'><strong>Deputatorum</strong></span> 
     </span>
    </p>
   </div>
   <div class='ocr_carea' id='block_1_6' title="bbox 785 3147 3805 3247">
    <p class='ocr_par' dir='ltr' id='par_1_6' title="bbox 785 3147 3805 3247">
     <span class='ocr_line' id='line_1_17' title="bbox 785 3147 3805 3247; baseline -0.002 -23"><span class='ocrx_word' id='word_1_117' title='bbox 785 3204 792 3211; x_wconf 88' lang='lat'>-</span> <span class='ocrx_word' id='word_1_118' title='bbox 906 3149 1242 3247; x_wconf 82' lang='lat' dir='ltr'><strong>adiectis3</strong></span> <span class='ocrx_word' id='word_1_119' title='bbox 1299 3149 1468 3245; x_wconf 88' lang='lat' dir='ltr'><strong>quia</strong></span> <span class='ocrx_word' id='word_1_120' title='bbox 1521 3156 1758 3223; x_wconf 87' lang='lat' dir='ltr'><strong>tamen</strong></span> <span class='ocrx_word' id='word_1_121' title='bbox 1815 3172 1945 3246; x_wconf 91' lang='lat' dir='ltr'><strong>per</strong></span> <span class='ocrx_word' id='word_1_122' title='bbox 1991 3157 2471 3224; x_wconf 88' lang='lat' dir='ltr'><strong>correcturam</strong></span> <span class='ocrx_word' id='word_1_123' title='bbox 2526 3156 2885 3223; x_wconf 84' lang='lat' dir='ltr'><strong>recentem</strong></span> <span class='ocrx_word' id='word_1_124' title='bbox 2942 3147 3361 3223; x_wconf 66' lang='lat' dir='ltr'><strong>‘Tribunalis</strong></span> <span class='ocrx_word' id='word_1_125' title='bbox 3414 3148 3673 3222; x_wconf 88' lang='lat' dir='ltr'><strong>factam</strong></span> <span class='ocrx_word' id='word_1_126' title='bbox 3730 3147 3805 3220; x_wconf 90' lang='lat' dir='ltr'><strong>in</strong></span> 
     </span>
    </p>
   </div>
   <div class='ocr_carea' id='block_1_7' title="bbox 907 3270 3817 5437">
    <p class='ocr_par' dir='ltr' id='par_1_7' title="bbox 907 3270 3817 5437">
     <span class='ocr_line' id='line_1_18' title="bbox 908 3270 3799 3367; baseline -0.002 -20"><span class='ocrx_word' id='word_1_127' title='bbox 908 3272 1238 3347; x_wconf 83' lang='lat' dir='ltr'><strong>Comitiis</strong></span> <span class='ocrx_word' id='word_1_128' title='bbox 1311 3270 1662 3346; x_wconf 80' lang='lat' dir='ltr'><strong>Grodnae</strong></span> <span class='ocrx_word' id='word_1_129' title='bbox 1733 3270 1946 3345; x_wconf 88' lang='lat' dir='ltr'><strong>Anno</strong></span> <span class='ocrx_word' id='word_1_130' title='bbox 2001 3272 2395 3347; x_wconf 89' lang='lat' dir='ltr'><strong>Millcsimo</strong></span> <span class='ocrx_word' id='word_1_131' title='bbox 2450 3270 3109 3367; x_wconf 87' lang='lat' dir='ltr'><strong>Septingentesimo</strong></span> <span class='ocrx_word' id='word_1_132' title='bbox 3165 3270 3521 3366; x_wconf 84' lang='lat' dir='ltr'><strong>vigesimo</strong></span> <span class='ocrx_word' id='word_1_133' title='bbox 3576 3278 3799 3363; x_wconf 82' lang='lat' dir='ltr'><strong>sexto,</strong></span> 
     </span>
     <span class='ocr_line' id='line_1_19' title="bbox 907 3391 3801 3468; baseline -0 -2"><span class='ocrx_word' id='word_1_134' title='bbox 907 3393 1333 3468; x_wconf 86' lang='lat' dir='ltr'><strong>Tribunalis</strong></span> <span class='ocrx_word' id='word_1_135' title='bbox 1387 3393 1954 3467; x_wconf 87' lang='lat' dir='ltr'><strong>Petricoviensis</strong></span> <span class='ocrx_word' id='word_1_136' title='bbox 2007 3417 2264 3468; x_wconf 89' lang='lat' dir='ltr'><strong>cursus</strong></span> <span class='ocrx_word' id='word_1_137' title='bbox 2318 3395 2392 3466; x_wconf 89' lang='lat' dir='ltr'><strong>in</strong></span> <span class='ocrx_word' id='word_1_138' title='bbox 2445 3394 2766 3468; x_wconf 86' lang='lat' dir='ltr'><strong>favorem</strong></span> <span class='ocrx_word' id='word_1_139' title='bbox 2823 3393 3255 3467; x_wconf 89' lang='lat' dir='ltr'><strong>Provinciae</strong></span> <span class='ocrx_word' id='word_1_140' title='bbox 3308 3392 3613 3467; x_wconf 86' lang='lat' dir='ltr'><strong>Maioris</strong></span> <span class='ocrx_word' id='word_1_141' title='bbox 3666 3391 3801 3465; x_wconf 92' lang='lat' dir='ltr'><strong>Po·</strong></span> 
     </span>
     <span class='ocr_line' id='line_1_20' title="bbox 907 3512 3805 3611; baseline -0 -23"><span class='ocrx_word' id='word_1_142' title='bbox 907 3514 1148 3589; x_wconf 90' lang='lat' dir='ltr'><strong>loniae</strong></span> <span class='ocrx_word' id='word_1_143' title='bbox 1203 3512 1296 3587; x_wconf 90' lang='lat' dir='ltr'><strong>ad</strong></span> <span class='ocrx_word' id='word_1_144' title='bbox 1352 3515 1611 3588; x_wconf 87' lang='lat' dir='ltr'><strong>festum</strong></span> <span class='ocrx_word' id='word_1_145' title='bbox 1669 3512 1915 3588; x_wconf 86' lang='lat' dir='ltr'><strong>Sancti</strong></span> <span class='ocrx_word' id='word_1_146' title='bbox 1971 3514 2300 3589; x_wconf 84' lang='lat' dir='ltr'><strong>Thomae</strong></span> <span class='ocrx_word' id='word_1_147' title='bbox 2355 3514 2692 3611; x_wconf 88' lang='lat' dir='ltr'><strong>Apostoli</strong></span> <span class='ocrx_word' id='word_1_148' title='bbox 2750 3513 3219 3611; x_wconf 87' lang='lat' dir='ltr'><strong>prolongatus</strong></span> <span class='ocrx_word' id='word_1_149' title='bbox 3274 3514 3397 3607; x_wconf 90' lang='lat' dir='ltr'><strong>sit,</strong></span> <span class='ocrx_word' id='word_1_150' title='bbox 3456 3512 3551 3586; x_wconf 90' lang='lat' dir='ltr'><strong>ad</strong></span> <span class='ocrx_word' id='word_1_151' title='bbox 3606 3513 3805 3587; x_wconf 86' lang='lat' dir='ltr'><strong>cuius</strong></span> 
     </span>
     <span class='ocr_line' id='line_1_21' title="bbox 909 3634 3801 3711; baseline -0.001 -1"><span class='ocrx_word' id='word_1_152' title='bbox 909 3637 1418 3711; x_wconf 87' lang='lat' dir='ltr'><strong>attendentiam</strong></span> <span class='ocrx_word' id='word_1_153' title='bbox 1484 3637 1873 3710; x_wconf 88' lang='lat' dir='ltr'><strong>functionis</strong></span> <span class='ocrx_word' id='word_1_154' title='bbox 1947 3636 2353 3710; x_wconf 88' lang='lat' dir='ltr'><strong>continuam</strong></span> <span class='ocrx_word' id='word_1_155' title='bbox 2410 3660 2502 3709; x_wconf 83' lang='lat' dir='ltr'><strong>cx</strong></span> <span class='ocrx_word' id='word_1_156' title='bbox 2554 3636 2628 3708; x_wconf 89' lang='lat' dir='ltr'><strong>vi</strong></span> <span class='ocrx_word' id='word_1_157' title='bbox 2681 3636 3060 3711; x_wconf 88' lang='lat' dir='ltr'><strong>iuramenti</strong></span> <span class='ocrx_word' id='word_1_158' title='bbox 3132 3635 3381 3709; x_wconf 86' lang='lat' dir='ltr'><strong>emissi</strong></span> <span class='ocrx_word' id='word_1_159' title='bbox 3454 3635 3653 3708; x_wconf 90' lang='lat' dir='ltr'><strong>circa</strong></span> <span class='ocrx_word' id='word_1_160' title='bbox 3701 3634 3801 3707; x_wconf 90' lang='lat' dir='ltr'><strong>in·</strong></span> 
     </span>
     <span class='ocr_line' id='line_1_22' title="bbox 910 3755 3805 3855; baseline -0.001 -22"><span class='ocrx_word' id='word_1_161' title='bbox 910 3758 1362 3833; x_wconf 87' lang='lat' dir='ltr'><strong>choationem</strong></span> <span class='ocrx_word' id='word_1_162' title='bbox 1433 3757 1856 3833; x_wconf 85' lang='lat' dir='ltr'><strong>Tribunalis</strong></span> <span class='ocrx_word' id='word_1_163' title='bbox 1925 3758 2205 3853; x_wconf 87' lang='lat' dir='ltr'><strong>Regni,</strong></span> <span class='ocrx_word' id='word_1_164' title='bbox 2281 3758 2490 3831; x_wconf 91' lang='lat' dir='ltr'><strong>etiam</strong></span> <span class='ocrx_word' id='word_1_165' title='bbox 2576 3781 2668 3832; x_wconf 85' lang='lat' dir='ltr'><strong>ex</strong></span> <span class='ocrx_word' id='word_1_166' title='bbox 2734 3756 3074 3855; x_wconf 83' lang='lat' dir='ltr'><strong>Capitulo</strong></span> <span class='ocrx_word' id='word_1_167' title='bbox 3146 3765 3395 3831; x_wconf 89' lang='lat' dir='ltr'><strong>nostro</strong></span> <span class='ocrx_word' id='word_1_168' title='bbox 3462 3755 3805 3855; x_wconf 83' lang='lat' dir='ltr'><strong>Deputati</strong></span> 
     </span>
     <span class='ocr_line' id='line_1_23' title="bbox 909 3878 3803 3976; baseline -0.002 -20"><span class='ocrx_word' id='word_1_169' title='bbox 909 3881 1216 3975; x_wconf 85' lang='lat' dir='ltr'><strong>obligati</strong></span> <span class='ocrx_word' id='word_1_170' title='bbox 1272 3887 1476 3973; x_wconf 89' lang='lat' dir='ltr'><strong>sunt,</strong></span> <span class='ocrx_word' id='word_1_171' title='bbox 1558 3887 1632 3953; x_wconf 86' lang='lat' dir='ltr'><strong>et</strong></span> <span class='ocrx_word' id='word_1_172' title='bbox 1681 3887 1937 3976; x_wconf 87' lang='lat' dir='ltr'><strong>postea</strong></span> <span class='ocrx_word' id='word_1_173' title='bbox 1989 3879 2084 3953; x_wconf 91' lang='lat' dir='ltr'><strong>ad</strong></span> <span class='ocrx_word' id='word_1_174' title='bbox 2136 3879 2597 3953; x_wconf 88' lang='lat' dir='ltr'><strong>incidentiam</strong></span> <span class='ocrx_word' id='word_1_175' title='bbox 2669 3879 3093 3954; x_wconf 86' lang='lat' dir='ltr'><strong>Tribunalis</strong></span> <span class='ocrx_word' id='word_1_176' title='bbox 3161 3878 3401 3973; x_wconf 89' lang='lat' dir='ltr'><strong>Regni</strong></span> <span class='ocrx_word' id='word_1_177' title='bbox 3473 3885 3640 3976; x_wconf 89' lang='lat' dir='ltr'><strong>post</strong></span> <span class='ocrx_word' id='word_1_178' title='bbox 3707 3878 3803 3951; x_wconf 86' lang='lat' dir='ltr'><strong>fe-</strong></span> 
     </span>
     <span class='ocr_line' id='line_1_24' title="bbox 912 3999 3807 4097; baseline -0.002 -19"><span class='ocrx_word' id='word_1_179' title='bbox 912 4012 1095 4078; x_wconf 88' lang='lat' dir='ltr'><strong>stum</strong></span> <span class='ocrx_word' id='word_1_180' title='bbox 1153 3999 1574 4076; x_wconf 88' lang='lat' dir='ltr'><strong>Sanctorum</strong></span> <span class='ocrx_word' id='word_1_181' title='bbox 1629 4000 1880 4075; x_wconf 82' lang='lat' dir='ltr'><strong>Trium</strong></span> <span class='ocrx_word' id='word_1_182' title='bbox 1934 4002 2216 4095; x_wconf 88' lang='lat' dir='ltr'><strong>Regum</strong></span> <span class='ocrx_word' id='word_1_183' title='bbox 2272 4000 2725 4074; x_wconf 83' lang='lat' dir='ltr'><strong>Petricoviac</strong></span> <span class='ocrx_word' id='word_1_184' title='bbox 2777 4000 3443 4097; x_wconf 86' lang='lat' dir='ltr'><strong>indispensabiliter</strong></span> <span class='ocrx_word' id='word_1_185' title='bbox 3496 4022 3663 4075; x_wconf 87' lang='lat' dir='ltr'><strong>sese</strong></span> <span class='ocrx_word' id='word_1_186' title='bbox 3714 4000 3807 4073; x_wconf 92' lang='lat' dir='ltr'><strong>si·</strong></span> 
     </span>
     <span class='ocr_line' id='line_1_25' title="bbox 913 4122 3809 4219; baseline -0.002 -19"><span class='ocrx_word' id='word_1_187' title='bbox 913 4133 1104 4200; x_wconf 89' lang='lat' dir='ltr'><strong>sterc</strong></span> <span class='ocrx_word' id='word_1_188' title='bbox 1159 4132 1572 4197; x_wconf 87' lang='lat' dir='ltr'><strong>teneantur:</strong></span> <span class='ocrx_word' id='word_1_189' title='bbox 1643 4146 1733 4195; x_wconf 76' lang='lat' dir='ltr'><strong>ex</strong></span> <span class='ocrx_word' id='word_1_190' title='bbox 1788 4122 2073 4196; x_wconf 73' lang='lat' dir='ltr'><strong>motivo&#39;</strong></span> <span class='ocrx_word' id='word_1_191' title='bbox 2107 4123 2715 4219; x_wconf 82' lang='lat' dir='ltr'><strong>impossibilitatis</strong></span> <span class='ocrx_word' id='word_1_192' title='bbox 2768 4130 2911 4195; x_wconf 85' lang='lat' dir='ltr'><strong>tam</strong></span> <span class='ocrx_word' id='word_1_193' title='bbox 2967 4123 3217 4196; x_wconf 87' lang='lat' dir='ltr'><strong>stricto</strong></span> <span class='ocrx_word' id='word_1_194' title='bbox 3272 4128 3592 4218; x_wconf 88' lang='lat' dir='ltr'><strong>tempore</strong></span> <span class='ocrx_word' id='word_1_195' title='bbox 3646 4128 3809 4219; x_wconf 87' lang='lat' dir='ltr'><strong>post</strong></span> 
     </span>
     <span class='ocr_line' id='line_1_26' title="bbox 911 4242 3809 4342; baseline -0.002 -20"><span class='ocrx_word' id='word_1_196' title='bbox 911 4248 1172 4321; x_wconf 84' lang='lat' dir='ltr'><strong>festum</strong></span> <span class='ocrx_word' id='word_1_197' title='bbox 1229 4243 1476 4318; x_wconf 85' lang='lat' dir='ltr'><strong>Sancti</strong></span> <span class='ocrx_word' id='word_1_198' title='bbox 1529 4244 1854 4318; x_wconf 85' lang='lat' dir='ltr'><strong>Thomae</strong></span> <span class='ocrx_word' id='word_1_199' title='bbox 1909 4269 2041 4342; x_wconf 90' lang='lat' dir='ltr'><strong>pro</strong></span> <span class='ocrx_word' id='word_1_200' title='bbox 2095 4246 2282 4319; x_wconf 88' lang='lat' dir='ltr'><strong>festo</strong></span> <span class='ocrx_word' id='word_1_201' title='bbox 2338 4244 2623 4318; x_wconf 89' lang='lat' dir='ltr'><strong>Natalis</strong></span> <span class='ocrx_word' id='word_1_202' title='bbox 2678 4243 2949 4318; x_wconf 82' lang='lat' dir='ltr'><strong>Christi</strong></span> <span class='ocrx_word' id='word_1_203' title='bbox 3004 4244 3299 4317; x_wconf 90' lang='lat' dir='ltr'><strong>Domini</strong></span> <span class='ocrx_word' id='word_1_204' title='bbox 3350 4244 3423 4317; x_wconf 91' lang='lat' dir='ltr'><strong>in</strong></span> <span class='ocrx_word' id='word_1_205' title='bbox 3470 4242 3809 4317; x_wconf 86' lang='lat' dir='ltr'><strong>Ecclesia</strong></span> 
     </span>
     <span class='ocr_line' id='line_1_27' title="bbox 913 4364 3806 4463; baseline -0.001 -22"><span class='ocrx_word' id='word_1_206' title='bbox 913 4369 1051 4441; x_wconf 88' lang='lat' dir='ltr'><strong>hac</strong></span> <span class='ocrx_word' id='word_1_207' title='bbox 1105 4366 1598 4463; x_wconf 88' lang='lat' dir='ltr'><strong>comparendi,</strong></span> <span class='ocrx_word' id='word_1_208' title='bbox 1673 4374 1746 4439; x_wconf 90' lang='lat' dir='ltr'><strong>et</strong></span> <span class='ocrx_word' id='word_1_209' title='bbox 1797 4365 2064 4440; x_wconf 86' lang='lat' dir='ltr'><strong>ibidem</strong></span> <span class='ocrx_word' id='word_1_210' title='bbox 2121 4389 2250 4461; x_wconf 90' lang='lat' dir='ltr'><strong>pro</strong></span> <span class='ocrx_word' id='word_1_211' title='bbox 2306 4366 2876 4461; x_wconf 88' lang='lat' dir='ltr'><strong>reassumptione</strong></span> <span class='ocrx_word' id='word_1_212' title='bbox 2932 4364 3353 4439; x_wconf 87' lang='lat' dir='ltr'><strong>Tribunalis</strong></span> <span class='ocrx_word' id='word_1_213' title='bbox 3404 4364 3646 4459; x_wconf 88' lang='lat' dir='ltr'><strong>Regni</strong></span> <span class='ocrx_word' id='word_1_214' title='bbox 3696 4388 3806 4439; x_wconf 89' lang='lat' dir='ltr'><strong>re-</strong></span> 
     </span>
     <span class='ocr_line' id='line_1_28' title="bbox 917 4486 3811 4584; baseline -0.001 -22"><span class='ocrx_word' id='word_1_215' title='bbox 917 4490 1138 4562; x_wconf 89' lang='lat' dir='ltr'><strong>ditum</strong></span> <span class='ocrx_word' id='word_1_216' title='bbox 1192 4486 1548 4579; x_wconf 88' lang='lat' dir='ltr'><strong>faciendi,</strong></span> <span class='ocrx_word' id='word_1_217' title='bbox 1625 4490 2026 4584; x_wconf 85' lang='lat' dir='ltr'><strong>praemisso</strong></span> <span class='ocrx_word' id='word_1_218' title='bbox 2083 4511 2392 4563; x_wconf 88' lang='lat' dir='ltr'><strong>assensu</strong></span> <span class='ocrx_word' id='word_1_219' title='bbox 2456 4488 2818 4581; x_wconf 87' lang='lat' dir='ltr'><strong>generalis</strong></span> <span class='ocrx_word' id='word_1_220' title='bbox 2884 4486 3203 4584; x_wconf 83' lang='lat' dir='ltr'><strong>Capituli</strong></span> <span class='ocrx_word' id='word_1_221' title='bbox 3256 4487 3527 4578; x_wconf 87' lang='lat' dir='ltr'><strong>nostri,</strong></span> <span class='ocrx_word' id='word_1_222' title='bbox 3604 4510 3811 4583; x_wconf 90' lang='lat' dir='ltr'><strong>prae·</strong></span> 
     </span>
     <span class='ocr_line' id='line_1_29' title="bbox 917 4606 3808 4705; baseline -0.001 -21"><span class='ocrx_word' id='word_1_223' title='bbox 917 4610 1142 4684; x_wconf 88' lang='lat' dir='ltr'><strong>sentis</strong></span> <span class='ocrx_word' id='word_1_224' title='bbox 1197 4610 1494 4683; x_wconf 86' lang='lat' dir='ltr'><strong>Decreti</strong></span> <span class='ocrx_word' id='word_1_225' title='bbox 1548 4611 1838 4704; x_wconf 87' lang='lat' dir='ltr'><strong>vigore,</strong></span> <span class='ocrx_word' id='word_1_226' title='bbox 1915 4608 2109 4705; x_wconf 89' lang='lat' dir='ltr'><strong>quod</strong></span> <span class='ocrx_word' id='word_1_227' title='bbox 2164 4609 2307 4682; x_wconf 92' lang='lat' dir='ltr'><strong>vim</strong></span> <span class='ocrx_word' id='word_1_228' title='bbox 2364 4606 2627 4683; x_wconf 87' lang='lat' dir='ltr'><strong>Statuti</strong></span> <span class='ocrx_word' id='word_1_229' title='bbox 2680 4609 2948 4683; x_wconf 89' lang='lat' dir='ltr'><strong>habcre</strong></span> <span class='ocrx_word' id='word_1_230' title='bbox 3002 4608 3354 4701; x_wconf 85' lang='lat' dir='ltr'><strong>volumus,</strong></span> <span class='ocrx_word' id='word_1_231' title='bbox 3408 4608 3649 4681; x_wconf 86' lang='lat' dir='ltr'><strong>taliter</strong></span> <span class='ocrx_word' id='word_1_232' title='bbox 3704 4607 3808 4681; x_wconf 87' lang='lat' dir='ltr'><strong>di·-</strong></span> 
     </span>
     <span class='ocr_line' id='line_1_30' title="bbox 917 4727 3811 4829; baseline -0.002 -22"><span class='ocrx_word' id='word_1_233' title='bbox 917 4738 1196 4807; x_wconf 86' lang='lat' dir='ltr'><strong>stentos</strong></span> <span class='ocrx_word' id='word_1_234' title='bbox 1250 4732 1674 4827; x_wconf 87' lang='lat' dir='ltr'><strong>Deputatos,</strong></span> <span class='ocrx_word' id='word_1_235' title='bbox 1732 4727 2014 4805; x_wconf 89' lang='lat' dir='ltr'><strong>etiamsi</strong></span> <span class='ocrx_word' id='word_1_236' title='bbox 2068 4754 2211 4804; x_wconf 91' lang='lat' dir='ltr'><strong>non</strong></span> <span class='ocrx_word' id='word_1_237' title='bbox 2265 4731 2495 4805; x_wconf 86' lang='lat' dir='ltr'><strong>solum</strong></span> <span class='ocrx_word' id='word_1_238' title='bbox 2555 4755 2686 4829; x_wconf 90' lang='lat' dir='ltr'><strong>pro</strong></span> <span class='ocrx_word' id='word_1_239' title='bbox 2740 4731 2877 4803; x_wconf 88' lang='lat' dir='ltr'><strong>hac</strong></span> <span class='ocrx_word' id='word_1_240' title='bbox 2914 4730 3386 4822; x_wconf 86' lang='lat' dir='ltr'><strong>solemnitate,</strong></span> <span class='ocrx_word' id='word_1_241' title='bbox 3424 4727 3559 4803; x_wconf 82' lang='lat' dir='ltr'><strong>sed</strong></span> <span class='ocrx_word' id='word_1_242' title='bbox 3598 4729 3811 4803; x_wconf 85' lang='lat' dir='ltr'><strong>etiam</strong></span> 
     </span>
     <span class='ocr_line' id='line_1_31' title="bbox 918 4850 3811 4950; baseline -0.002 -21"><span class='ocrx_word' id='word_1_243' title='bbox 918 4860 1067 4929; x_wconf 88' lang='lat' dir='ltr'><strong>toto</strong></span> <span class='ocrx_word' id='word_1_244' title='bbox 1137 4853 1521 4928; x_wconf 88' lang='lat' dir='ltr'><strong>interstitio</strong></span> <span class='ocrx_word' id='word_1_245' title='bbox 1595 4854 1937 4950; x_wconf 90' lang='lat' dir='ltr'><strong>temporis</strong></span> <span class='ocrx_word' id='word_1_246' title='bbox 1963 4910 1980 4945; x_wconf 92' lang='lat'><strong>,</strong></span> <span class='ocrx_word' id='word_1_247' title='bbox 2056 4852 2244 4947; x_wconf 88' lang='lat' dir='ltr'><strong>quod</strong></span> <span class='ocrx_word' id='word_1_248' title='bbox 2321 4877 2363 4925; x_wconf 89' lang='lat' dir='ltr'><strong>a</strong></span> <span class='ocrx_word' id='word_1_249' title='bbox 2419 4854 2605 4926; x_wconf 87' lang='lat' dir='ltr'><strong>festo</strong></span> <span class='ocrx_word' id='word_1_250' title='bbox 2680 4850 2927 4925; x_wconf 87' lang='lat' dir='ltr'><strong>Sancti</strong></span> <span class='ocrx_word' id='word_1_251' title='bbox 2995 4850 3323 4925; x_wconf 88' lang='lat' dir='ltr'><strong>Thomae</strong></span> <span class='ocrx_word' id='word_1_252' title='bbox 3390 4850 3486 4925; x_wconf 86' lang='lat' dir='ltr'><strong>ad</strong></span> <span class='ocrx_word' id='word_1_253' title='bbox 3551 4852 3811 4925; x_wconf 87' lang='lat' dir='ltr'><strong>festum</strong></span> 
     </span>
     <span class='ocr_line' id='line_1_32' title="bbox 919 4972 3810 5069; baseline -0.001 -20"><span class='ocrx_word' id='word_1_254' title='bbox 919 4972 1340 5049; x_wconf 88' lang='lat' dir='ltr'><strong>Sanctorum</strong></span> <span class='ocrx_word' id='word_1_255' title='bbox 1408 4975 1657 5049; x_wconf 82' lang='lat' dir='ltr'><strong>Trium</strong></span> <span class='ocrx_word' id='word_1_256' title='bbox 1712 4975 1992 5069; x_wconf 86' lang='lat' dir='ltr'><strong>Regum</strong></span> <span class='ocrx_word' id='word_1_257' title='bbox 2056 4974 2549 5068; x_wconf 87' lang='lat' dir='ltr'><strong>intermediat,</strong></span> <span class='ocrx_word' id='word_1_258' title='bbox 2614 4974 2688 5047; x_wconf 91' lang='lat' dir='ltr'><strong>in</strong></span> <span class='ocrx_word' id='word_1_259' title='bbox 2750 4973 3081 5047; x_wconf 73' lang='lat' dir='ltr'><strong>Ecclesia</strong></span> <span class='ocrx_word' id='word_1_260' title='bbox 3130 4972 3272 5046; x_wconf 86' lang='lat' dir='ltr'><strong>hac</strong></span> <span class='ocrx_word' id='word_1_261' title='bbox 3324 4996 3463 5047; x_wconf 90' lang='lat' dir='ltr'><strong>non</strong></span> <span class='ocrx_word' id='word_1_262' title='bbox 3522 4995 3810 5069; x_wconf 85' lang='lat' dir='ltr'><strong>compa·</strong></span> 
     </span>
     <span class='ocr_line' id='line_1_33' title="bbox 919 5094 3815 5193; baseline -0.002 -22"><span class='ocrx_word' id='word_1_263' title='bbox 919 5097 1224 5189; x_wconf 87' lang='lat' dir='ltr'><strong>ruerint,</strong></span> <span class='ocrx_word' id='word_1_264' title='bbox 1298 5099 1750 5193; x_wconf 88' lang='lat' dir='ltr'><strong>praesentiae</strong></span> <span class='ocrx_word' id='word_1_265' title='bbox 1822 5098 2059 5193; x_wconf 89' lang='lat' dir='ltr'><strong>quoad</strong></span> <span class='ocrx_word' id='word_1_266' title='bbox 2142 5096 2577 5171; x_wconf 84' lang='lat' dir='ltr'><strong>refectiones</strong></span> <span class='ocrx_word' id='word_1_267' title='bbox 2650 5105 2723 5170; x_wconf 91' lang='lat' dir='ltr'><strong>et</strong></span> <span class='ocrx_word' id='word_1_268' title='bbox 2807 5118 3031 5192; x_wconf 87' lang='lat' dir='ltr'><strong>panes</strong></span> <span class='ocrx_word' id='word_1_269' title='bbox 3101 5094 3431 5189; x_wconf 90' lang='lat' dir='ltr'><strong>praecise</strong></span> <span class='ocrx_word' id='word_1_270' title='bbox 3503 5114 3815 5189; x_wconf 90' lang='lat' dir='ltr'><strong>capaces</strong></span> 
     </span>
     <span class='ocr_line' id='line_1_34' title="bbox 921 5214 3814 5315; baseline -0.002 -23"><span class='ocrx_word' id='word_1_271' title='bbox 921 5218 1408 5313; x_wconf 83' lang='lat' dir='ltr'><strong>declaramus,</strong></span> <span class='ocrx_word' id='word_1_272' title='bbox 1493 5220 1816 5315; x_wconf 85' lang='lat' dir='ltr'><strong>exceptis</strong></span> <span class='ocrx_word' id='word_1_273' title='bbox 1880 5219 2387 5313; x_wconf 88' lang='lat' dir='ltr'><strong>largitionibus</strong></span> <span class='ocrx_word' id='word_1_274' title='bbox 2459 5218 2689 5292; x_wconf 87' lang='lat' dir='ltr'><strong>sacris</strong></span> <span class='ocrx_word' id='word_1_275' title='bbox 2761 5226 2931 5290; x_wconf 88' lang='lat' dir='ltr'><strong>tunc</strong></span> <span class='ocrx_word' id='word_1_276' title='bbox 3000 5216 3157 5289; x_wconf 90' lang='lat' dir='ltr'><strong>fieri</strong></span> <span class='ocrx_word' id='word_1_277' title='bbox 3212 5214 3481 5304; x_wconf 90' lang='lat' dir='ltr'><strong>solitis,</strong></span> <span class='ocrx_word' id='word_1_278' title='bbox 3564 5222 3814 5311; x_wconf 90' lang='lat' dir='ltr'><strong>utpote</strong></span> 
     </span>
     <span class='ocr_line' id='line_1_35' title="bbox 920 5334 3817 5437; baseline -0.001 -24"><span class='ocrx_word' id='word_1_279' title='bbox 920 5362 1052 5437; x_wconf 92' lang='lat' dir='ltr'><strong>pro</strong></span> <span class='ocrx_word' id='word_1_280' title='bbox 1106 5342 1300 5415; x_wconf 89' lang='lat' dir='ltr'><strong>festo</strong></span> <span class='ocrx_word' id='word_1_281' title='bbox 1355 5340 1642 5415; x_wconf 86' lang='lat' dir='ltr'><strong>Natalis</strong></span> <span class='ocrx_word' id='word_1_282' title='bbox 1698 5340 2009 5433; x_wconf 88' lang='lat' dir='ltr'><strong>Domini,</strong></span> <span class='ocrx_word' id='word_1_283' title='bbox 2086 5338 2695 5431; x_wconf 79' lang='lat' dir='ltr'><strong>Circumcisionis,</strong></span> <span class='ocrx_word' id='word_1_284' title='bbox 2754 5337 3228 5435; x_wconf 88' lang='lat' dir='ltr'><strong>Epiphaniae,</strong></span> <span class='ocrx_word' id='word_1_285' title='bbox 3301 5334 3685 5411; x_wconf 84' lang='lat' dir='ltr'><strong>Paschatis</strong></span> <span class='ocrx_word' id='word_1_286' title='bbox 3738 5342 3817 5411; x_wconf 85' lang='lat' dir='ltr'><strong>et</strong></span> 
     </span>
    </p>
   </div>
  </div>
 </body>
</html>
