4055 6364
1398 850 1505 864 —
1610 805 1760 886 233
1867 851 1962 864 —

1488 1032 1892 1134 CCXCll.

341 1235 744 1318 Decretum
800 1236 938 1318 vim
994 1236 1283 1320 statuti
1349 1238 1638 1322 babens
1693 1239 1788 1321 de
1841 1241 2155 1343 quinque
2224 1241 2480 1327 Missis
2549 1243 3028 1327 absolvendis

419 1378 554 1460 per
608 1378 700 1440 se
755 1359 873 1440 vei
931 1378 1065 1460 per
1122 1359 1729 1479 Pienipotentem.
1787 1360 1992 1442 Anno
2051 1357 2233 1443 1735
2290 1361 2407 1445 die
2463 1365 2514 1445 5
2554 1365 2955 1448 Februarii.

446 1584 707 1680 Longa
761 1586 1204 1682 experientia
1257 1587 1532 1682 edocet,
1590 1588 1778 1688 quod
1827 1590 2150 1664 nonnulli
2184 1589 2802 1668 Reverendissimi
2838 1593 3134 1688 Domini

231 1705 702 1804 Capitulares
774 1713 944 1804 post
1008 1708 1490 1804 receptionem
1564 1711 1676 1784 sui
1747 1710 1840 1784 ad
1893 1710 2081 1785 hanc
2144 1711 2653 1790 Cathedralem
2722 1714 3131 1790 Ecclesiam

231 1837 306 1902 et
381 1825 711 1925 Stallum,
759 1830 835 1902 111
892 1852 980 1903 88
1032 1829 1293 1903 nedum
1364 1831 1732 1927 hueusque
1805 1834 2280 1928 personaliter
2350 1845 2941 1932 comparuerunt,
2996 1861 3131 1914 nec

226 1951 706 2027 iuramentum
760 1974 891 2050 per
945 1974 1024 2026 se
1073 1952 1612 2048 praestiterunt,
1669 1953 1794 2027 alii
1827 1963 2209 2051 postquam
2267 1958 2818 2054 comparuerint,
2868 1959 3129 2034 nihilo·

226 2073 474 2148 minus
528 2073 663 2148 sub
717 2074 1118 2148 absentiam
1183 2096 1386 2148 suam
1455 2074 1996 2172 Plenipotentes
2016 2131 2035 2170 ,
2109 2077 2233 2173 qui
2282 2078 2485 2154 vices
2536 2079 2823 2155 illorum
2875 2080 2951 2154 in
3002 2082 3133 2155 ab·

229 2193 610 2268 solvendis
661 2193 916 2270 Missis
969 2192 1562 2291 septimanalibus
1599 2197 1883 2285 obeant,
1932 2199 2366 2274 constituere
2418 2201 2927 2296 neglexerunt:
2966 2226 3133 2300 pro-

227 2323 399 2414 pter
453 2317 646 2412 quod
699 2316 1108 2392 huiusmodi
1179 2316 1456 2390 Missae
1523 2315 1691 2416 (nisi
1741 2317 2445 2396 Reverendissimum
2502 2321 2911 2419 Capitulum
2965 2347 3131 2422 pro·

226 2435 544 2539 videret)
599 2438 959 2513 multoties
1010 2439 1466 2513 intermissae
1503 2439 1828 2514 fuissent.
1885 2443 2137 2538 Itaque
2180 2442 2798 2520 Reverendissimi
2836 2446 3131 2522 Domini

225 2560 302 2632 in
362 2560 728 2658 praesenti
779 2561 1099 2655 generali
1159 2559 1496 2659 Capitulo
1553 2564 2016 2658 congregati,
2094 2565 2450 2641 similibus
2503 2567 2801 2641 incuriis
2854 2576 2927 2642 et
2975 2568 3131 2664 qui·

226 2681 491 2756 busvis
545 2682 1013 2776 negligentiis
1063 2684 1136 2756 in
1191 2683 1502 2758 futurum
1560 2707 1936 2760 occurrere
1991 2687 2397 2785 cupientes,
2451 2687 2897 2762 inhaerendo
2948 2689 3128 2763 111111,

187 2802 584 2901 'fiplicatis
638 2800 938 2880 Statutis
989 2827 1121 2901 per
1179 2804 1497 2880 anterius
1569 2805 1659 2880 de
1715 2807 2137 2903 praemissis
2204 2809 2375 2884 latis
2394 2866 2412 2901 ‚
2488 2807 2993 2885 decreverunt:
3056 2818 3134 2885 ut

225 2925 539 3020 quilibet
590 2922 968 3000 Praelatus
1021 2931 1094 3000 et
1147 2924 1555 3002 Canonicus
1607 2928 1682 3001 in
1735 2934 1945 3003 turno
1999 2951 2133 3004 8110
2187 2930 2715 3028 septima-natim
2767 2929 3131 3006 incidente

225 3047 550 3142 quinque
603 3045 876 3122 Missas
930 3047 1020 3121 ad
1076 3047 1318 3122 Maius
1391 3047 1645 3122 Altare
1697 3049 1908 3125 istius
1977 3049 2363 3127 Ecclesiae
2418 3061 2743 3128 cantatas
2795 3053 3132 3129 absolvat

223 3192 362 3265 per
421 3191 528 3261 se,
583 3168 740 3243 sive
793 3192 926 3267 per
979 3167 1419 3247 Canonicum
1475 3167 1949 3265 Constantem,
2007 3195 2137 3271 pro
2176 3174 2437 3270 quibus
2490 3173 2743 3251 Massa
2780 3175 3127 3273 capitula-

220 3290 330 3365 ris
390 3292 702 3388 quinque
774 3314 1054 3367 marcas
1109 3290 1340 3367 eidem
1412 3292 1696 3367 solvere
1771 3294 2165 3392 tenebitur3
2238 3296 2361 3392 qui
2412 3319 2589 3371 vero
2641 3320 2774 3394 pro
2826 3298 3129 3373 absente

222 3412 808 3509 Plenipotentem
863 3415 1317 3490 constitutum
1355 3437 1498 3488 non
1534 3415 1866 3509 habente,
1919 3414 2151 3492 dictas
2188 3416 2463 3494 Missas
2498 3420 2853 3511 absolvet,
2891 3419 3127 3495 eidem

221 3534 422 3611 ultra
473 3534 642 3609 illas
693 3536 1008 3633 quinque
1077 3560 1380 3629 marcas,
1436 3537 1624 3610 aliae
1679 3538 1990 3634 quinque
2045 3561 2331 3613 marcae
2388 3562 2477 3613 ex
2529 3538 2753 3615 fundo
2804 3542 3129 3616 absentis

223 3656 423 3731 solvi
478 3655 862 3733 debebunt.
919 3656 1278 3747 Quantum
1333 3680 1508 3733 vero
1545 3659 1796 3732 attinet
1830 3659 2001 3734 illos
2053 3659 2409 3735 Dominos
2463 3658 2943 3759 Capitulares‚
2998 3662 3126 3759 qui

221 3802 359 3876 per
415 3801 591 3855 81108
645 3777 1187 3877 Plenipotentes
1225 3780 1315 3853 ad
1352 3779 1541 3854 hanc
1579 3779 1985 3855 Ecclesiam
2040 3789 2113 3855 81
2165 3779 2571 3879 Capitulum
2608 3783 2903 3881 recepti,
2939 3783 3113 3859 huc·

222 3923 462 3997 usque
548 3900 1025 3997 personaliter
1113 3924 1528 3999 comparere
1600 3902 1673 3974 111
1746 3899 2083 4000 Capitulo
2172 3911 2242 3977 et
2290 3902 2761 3979 iuramentum
2834 3926 2968 4001 pro
3040 3928 3123 3980 se

223 4025 607 4119 praestare
681 4022 966 4096 minime
1039 4031 1309 4116 curant,
1383 4024 1659 4098 fructus
1729 4030 1967 4098 tamen
2022 4048 2115 4099 ex
2165 4022 2409 4101 fundis
2478 4025 2631 4099 suis
2707 4026 2999 4101 nulliter
3050 4034 3127 4101 et

221 4140 550 4219 indebite
620 4144 989 4241 percipere
1052 4146 1411 4219 ambiunt:
1487 4145 1927 4220 inhaerendo
1999 4146 2452 4242 dispositioni
2503 4144 2694 4223 Iuris
2747 4146 3120 4242 Canonici,

220 4263 641 4339 huiusmodi
738 4266 1012 4340 fructus
1101 4265 1573 4363 undequaque
1648 4275 2152 4363 promanantes
2222 4264 2573 4368 (exceptis
2644 4270 2883 4345 studia
2973 4278 3119 4345 tra-

223 4382 621 4485 ctantibus)
675 4408 807 4481 per
858 4385 1360 4462 Reverendum
1432 4387 1820 4463 Dominum
1892 4386 2337 4463 Canonicum
2402 4389 2951 4464 Procuratorem
3006 4413 3119 4465 se-

223 4506 732 4603 questrandos,
789 4506 1184 4602 solutisque
1239 4508 1501 4583 marcis
1555 4509 2146 4605 septimanalibus
2199 4518 2272 4585 et
2319 4511 2587 4585 salario
2640 4509 3119 4605 Vicariorum,

223 4630 554 4725 reliquos
603 4628 900 4705 Massae
954 4630 1334 4727 capitulari
1406 4630 1884 4728 applicandos
1939 4639 2011 4706 et
2062 4633 2136 4705 in
2192 4631 2757 4707 consolationem
2812 4630 3119 4727 diligen-

224 4750 404 4824 tium
461 4749 1008 4845 convertendos,
1065 4750 1155 4826 de
1207 4752 1524 4826 unanimi
1561 4753 1866 4827 consilio
1921 4762 1992 4828 et
2032 4753 2549 4829 deliberatione
2586 4754 3116 4847 concluserunt,

226 4872 762 4969 Decretumque
814 4895 1165 4971 praesens
1217 4874 1362 4948 vim
1417 4870 1678 4950 Statuti
1729 4876 1999 4950 habere
2054 4874 2531 4953 declararunt.
