<?xml version="1.0" encoding="UTF-8"?>
<!DOCTYPE html PUBLIC "-//W3C//DTD XHTML 1.0 Transitional//EN"
    "http://www.w3.org/TR/xhtml1/DTD/xhtml1-transitional.dtd">
<html xmlns="http://www.w3.org/1999/xhtml" xml:lang="en" lang="en">
 <head>
  <title>
</title>
<meta http-equiv="Content-Type" content="text/html;charset=utf-8" />
  <meta name='ocr-system' content='tesseract 3.04.00' />
  <meta name='ocr-capabilities' content='ocr_page ocr_carea ocr_par ocr_line ocrx_word'/>
</head>
<body>
  <div class='ocr_page' id='page_1' title='image "./statutacapitula00nykogoog_0033.png"; bbox 0 0 4055 6364; ppageno 0'>
   <div class='ocr_carea' id='block_1_1' title="bbox 2088 705 2611 784">
    <p class='ocr_par' dir='ltr' id='par_1_1' title="bbox 2088 705 2611 784">
     <span class='ocr_line' id='line_1_1' title="bbox 2088 705 2611 784; baseline 0.004 -20"><span class='ocrx_word' id='word_1_1' title='bbox 2088 705 2611 784; x_wconf 62' lang='grc'>...10-</span> 
     </span>
    </p>
   </div>
   <div class='ocr_carea' id='block_1_2' title="bbox 885 913 3801 1117">
    <p class='ocr_par' dir='ltr' id='par_1_2' title="bbox 885 913 3801 1117">
     <span class='ocr_line' id='line_1_2' title="bbox 885 913 3801 1016; baseline 0 -24"><span class='ocrx_word' id='word_1_2' title='bbox 885 915 1231 1016; x_wconf 81' lang='lat' dir='ltr'><strong>supplere</strong></span> <span class='ocrx_word' id='word_1_3' title='bbox 1285 917 1614 993; x_wconf 85' lang='lat' dir='ltr'><strong>volentes</strong></span> <span class='ocrx_word' id='word_1_4' title='bbox 1635 971 1657 1010; x_wconf 85' lang='lat'>‚</span> <span class='ocrx_word' id='word_1_5' title='bbox 1731 915 2111 992; x_wconf 78' lang='lat' dir='ltr'><strong>statuimus</strong></span> <span class='ocrx_word' id='word_1_6' title='bbox 2160 915 2239 991; x_wconf 89' lang='lat' dir='ltr'><strong>in</strong></span> <span class='ocrx_word' id='word_1_7' title='bbox 2290 923 2715 1016; x_wconf 87' lang='lat' dir='ltr'><strong>perpetuum</strong></span> <span class='ocrx_word' id='word_1_8' title='bbox 2768 913 3202 993; x_wconf 83' lang='lat' dir='ltr'><strong>servandum</strong></span> <span class='ocrx_word' id='word_1_9' title='bbox 3252 923 3335 992; x_wconf 87' lang='lat' dir='ltr'><strong>ut</strong></span> <span class='ocrx_word' id='word_1_10' title='bbox 3382 915 3801 1015; x_wconf 87' lang='lat' dir='ltr'><strong>quicunque</strong></span> 
     </span>
     <span class='ocr_line' id='line_1_3' title="bbox 888 1035 3799 1117; baseline 0 -5"><span class='ocrx_word' id='word_1_11' title='bbox 888 1035 982 1113; x_wconf 89' lang='lat' dir='ltr'><strong>de</strong></span> <span class='ocrx_word' id='word_1_12' title='bbox 1053 1047 1344 1116; x_wconf 88' lang='lat' dir='ltr'><strong>caetero</strong></span> <span class='ocrx_word' id='word_1_13' title='bbox 1410 1037 1829 1115; x_wconf 90' lang='lat' dir='ltr'><strong>Canonicns</strong></span> <span class='ocrx_word' id='word_1_14' title='bbox 1899 1038 2020 1113; x_wconf 85' lang='lat' dir='ltr'><strong>vel</strong></span> <span class='ocrx_word' id='word_1_15' title='bbox 2094 1037 2477 1114; x_wconf 87' lang='lat' dir='ltr'><strong>Praelatus</strong></span> <span class='ocrx_word' id='word_1_16' title='bbox 2550 1037 2950 1117; x_wconf 74' lang='lat' dir='ltr'><strong>succedens</strong></span> <span class='ocrx_word' id='word_1_17' title='bbox 3019 1036 3359 1114; x_wconf 88' lang='lat' dir='ltr'><strong>defuncto</strong></span> <span class='ocrx_word' id='word_1_18' title='bbox 3428 1038 3657 1114; x_wconf 88' lang='lat' dir='ltr'><strong>alicui</strong></span> <span class='ocrx_word' id='word_1_19' title='bbox 3722 1039 3799 1112; x_wconf 92' lang='lat' dir='ltr'><strong>iu</strong></span> 
     </span>
    </p>
   </div>
   <div class='ocr_carea' id='block_1_3' title="bbox 800 1158 3799 2732">
    <p class='ocr_par' dir='ltr' id='par_1_3' title="bbox 800 1158 3799 2732">
     <span class='ocr_line' id='line_1_4' title="bbox 883 1158 3799 1262; baseline -0 -26"><span class='ocrx_word' id='word_1_20' title='bbox 883 1169 1280 1262; x_wconf 88' lang='lat' dir='ltr'><strong>personatu</strong></span> <span class='ocrx_word' id='word_1_21' title='bbox 1331 1161 1453 1236; x_wconf 85' lang='lat' dir='ltr'><strong>vel</strong></span> <span class='ocrx_word' id='word_1_22' title='bbox 1503 1158 1924 1262; x_wconf 88' lang='lat' dir='ltr'><strong>praebenda</strong></span> <span class='ocrx_word' id='word_1_23' title='bbox 1945 1217 1964 1256; x_wconf 85' lang='lat'><strong>,</strong></span> <span class='ocrx_word' id='word_1_24' title='bbox 2026 1159 2151 1235; x_wconf 82' lang='lat' dir='ltr'><strong>vel</strong></span> <span class='ocrx_word' id='word_1_25' title='bbox 2200 1159 2473 1235; x_wconf 84' lang='lat' dir='ltr'><strong>Villam</strong></span> <span class='ocrx_word' id='word_1_26' title='bbox 2526 1161 2943 1257; x_wconf 89' lang='lat' dir='ltr'><strong>fructusque</strong></span> <span class='ocrx_word' id='word_1_27' title='bbox 2997 1159 3155 1236; x_wconf 80' lang='lat' dir='ltr'><strong>e’ius</strong></span> <span class='ocrx_word' id='word_1_28' title='bbox 3204 1159 3510 1258; x_wconf 88' lang='lat' dir='ltr'><strong>pacifice</strong></span> <span class='ocrx_word' id='word_1_29' title='bbox 3562 1160 3799 1258; x_wconf 87' lang='lat' dir='ltr'><strong>perci-</strong></span> 
     </span>
     <span class='ocr_line' id='line_1_5' title="bbox 885 1277 3795 1384; baseline -0.001 -24"><span class='ocrx_word' id='word_1_30' title='bbox 885 1281 1124 1384; x_wconf 86' lang='lat' dir='ltr'><strong>piens,</strong></span> <span class='ocrx_word' id='word_1_31' title='bbox 1181 1277 1582 1382; x_wconf 77' lang='lat' dir='ltr'><strong>praefatam</strong></span> <span class='ocrx_word' id='word_1_32' title='bbox 1620 1283 2048 1358; x_wconf 84' lang='lat' dir='ltr'><strong>divisionem</strong></span> <span class='ocrx_word' id='word_1_33' title='bbox 2086 1282 2463 1374; x_wconf 87' lang='lat' dir='ltr'><strong>fructuum,</strong></span> <span class='ocrx_word' id='word_1_34' title='bbox 2518 1280 2871 1356; x_wconf 84' lang='lat' dir='ltr'><strong>redituum</strong></span> <span class='ocrx_word' id='word_1_35' title='bbox 2914 1280 3035 1357; x_wconf 86' lang='lat' dir='ltr'><strong>vel</strong></span> <span class='ocrx_word' id='word_1_36' title='bbox 3069 1290 3543 1379; x_wconf 84' lang='lat' dir='ltr'><strong>proventuum</strong></span> <span class='ocrx_word' id='word_1_37' title='bbox 3601 1283 3795 1358; x_wconf 84' lang='lat' dir='ltr'><strong>eius-</strong></span> 
     </span>
     <span class='ocr_line' id='line_1_6' title="bbox 881 1401 3799 1500; baseline -0.001 -20"><span class='ocrx_word' id='word_1_38' title='bbox 881 1404 1078 1500; x_wconf 57' lang='lat' dir='ltr'><strong>dem⁸</strong></span> <span class='ocrx_word' id='word_1_39' title='bbox 1107 1405 1278 1481; x_wconf 91' lang='lat' dir='ltr'><strong>anni</strong></span> <span class='ocrx_word' id='word_1_40' title='bbox 1329 1429 1494 1481; x_wconf 89' lang='lat' dir='ltr'><strong>cum</strong></span> <span class='ocrx_word' id='word_1_41' title='bbox 1547 1404 1962 1481; x_wconf 85' lang='lat' dir='ltr'><strong>Executore</strong></span> <span class='ocrx_word' id='word_1_42' title='bbox 2014 1402 2139 1478; x_wconf 81' lang='lat' dir='ltr'><strong>vel</strong></span> <span class='ocrx_word' id='word_1_43' title='bbox 2185 1401 2719 1479; x_wconf 84' lang='lat' dir='ltr'><strong>Executoribus</strong></span> <span class='ocrx_word' id='word_1_44' title='bbox 2772 1403 3112 1499; x_wconf 85' lang='lat' dir='ltr'><strong>defuncti,</strong></span> <span class='ocrx_word' id='word_1_45' title='bbox 3168 1403 3235 1479; x_wconf 91' lang='lat' dir='ltr'><strong>si</strong></span> <span class='ocrx_word' id='word_1_46' title='bbox 3285 1405 3555 1480; x_wconf 88' lang='lat' dir='ltr'><strong>fuerint</strong></span> <span class='ocrx_word' id='word_1_47' title='bbox 3628 1427 3799 1479; x_wconf 88' lang='lat' dir='ltr'><strong>con·</strong></span> 
     </span>
     <span class='ocr_line' id='line_1_7' title="bbox 800 1523 3797 1625; baseline -0 -23"><span class='ocrx_word' id='word_1_48' title='bbox 800 1579 808 1586; x_wconf 88' lang='lat'>-</span> <span class='ocrx_word' id='word_1_49' title='bbox 881 1527 1140 1625; x_wconf 86' lang='lat' dir='ltr'><strong>stituti,</strong></span> <span class='ocrx_word' id='word_1_50' title='bbox 1195 1527 1320 1603; x_wconf 83' lang='lat' dir='ltr'><strong>vel</strong></span> <span class='ocrx_word' id='word_1_51' title='bbox 1355 1528 1614 1604; x_wconf 90' lang='lat' dir='ltr'><strong>saltem</strong></span> <span class='ocrx_word' id='word_1_52' title='bbox 1651 1550 1811 1602; x_wconf 89' lang='lat' dir='ltr'><strong>cum</strong></span> <span class='ocrx_word' id='word_1_53' title='bbox 1866 1525 2473 1602; x_wconf 89' lang='lat' dir='ltr'><strong>Procuratoribus</strong></span> <span class='ocrx_word' id='word_1_54' title='bbox 2526 1523 2846 1624; x_wconf 88' lang='lat' dir='ltr'><strong>Capituli</strong></span> <span class='ocrx_word' id='word_1_55' title='bbox 2880 1525 3109 1600; x_wconf 90' lang='lat' dir='ltr'><strong>nostri</strong></span> <span class='ocrx_word' id='word_1_56' title='bbox 3141 1549 3374 1623; x_wconf 90' lang='lat' dir='ltr'><strong>usque</strong></span> <span class='ocrx_word' id='word_1_57' title='bbox 3412 1525 3797 1601; x_wconf 77' lang='lat' dir='ltr'><strong>adinstans</strong></span> 
     </span>
     <span class='ocr_line' id='line_1_8' title="bbox 879 1645 3792 1746; baseline -0.001 -20"><span class='ocrx_word' id='word_1_58' title='bbox 879 1657 959 1726; x_wconf 86' lang='lat' dir='ltr'><strong>et</strong></span> <span class='ocrx_word' id='word_1_59' title='bbox 1012 1671 1326 1746; x_wconf 81' lang='lat' dir='ltr'><strong>sequens</strong></span> <span class='ocrx_word' id='word_1_60' title='bbox 1379 1657 1550 1726; x_wconf 89' lang='lat' dir='ltr'><strong>tunc</strong></span> <span class='ocrx_word' id='word_1_61' title='bbox 1603 1651 1865 1725; x_wconf 89' lang='lat' dir='ltr'><strong>festum</strong></span> <span class='ocrx_word' id='word_1_62' title='bbox 1920 1645 2171 1725; x_wconf 88' lang='lat' dir='ltr'><strong>Sancti</strong></span> <span class='ocrx_word' id='word_1_63' title='bbox 2222 1647 2519 1722; x_wconf 87' lang='lat' dir='ltr'><strong>Martini</strong></span> <span class='ocrx_word' id='word_1_64' title='bbox 2571 1670 2715 1722; x_wconf 89' lang='lat' dir='ltr'><strong>non</strong></span> <span class='ocrx_word' id='word_1_65' title='bbox 2767 1647 3021 1722; x_wconf 85' lang='lat' dir='ltr'><strong>fecerit</strong></span> <span class='ocrx_word' id='word_1_66' title='bbox 3071 1648 3447 1744; x_wconf 77' lang='lat' dir='ltr'><strong>exintegro</strong></span> <span class='ocrx_word' id='word_1_67' title='bbox 3486 1657 3563 1722; x_wconf 88' lang='lat' dir='ltr'><strong>et</strong></span> <span class='ocrx_word' id='word_1_68' title='bbox 3596 1671 3792 1723; x_wconf 91' lang='lat' dir='ltr'><strong>com-</strong></span> 
     </span>
     <span class='ocr_line' id='line_1_9' title="bbox 879 1767 3792 1872; baseline -0.001 -26"><span class='ocrx_word' id='word_1_69' title='bbox 879 1771 1075 1872; x_wconf 84' lang='lat' dir='ltr'><strong>plete</strong></span> <span class='ocrx_word' id='word_1_70' title='bbox 1097 1789 1136 1867; x_wconf 84' lang='lat'><strong>,·</strong></span> <span class='ocrx_word' id='word_1_71' title='bbox 1191 1781 1456 1848; x_wconf 86' lang='lat' dir='ltr'><strong>extunc</strong></span> <span class='ocrx_word' id='word_1_72' title='bbox 1522 1771 1956 1848; x_wconf 84' lang='lat' dir='ltr'><strong>authoritate</strong></span> <span class='ocrx_word' id='word_1_73' title='bbox 2008 1777 2258 1845; x_wconf 88' lang='lat' dir='ltr'><strong>nostra</strong></span> <span class='ocrx_word' id='word_1_74' title='bbox 2310 1777 2385 1844; x_wconf 87' lang='lat' dir='ltr'><strong>ct</strong></span> <span class='ocrx_word' id='word_1_75' title='bbox 2433 1768 2695 1844; x_wconf 86' lang='lat' dir='ltr'><strong>virtute</strong></span> <span class='ocrx_word' id='word_1_76' title='bbox 2747 1768 2963 1844; x_wconf 91' lang='lat' dir='ltr'><strong>huius</strong></span> <span class='ocrx_word' id='word_1_77' title='bbox 3014 1767 3573 1846; x_wconf 87' lang='lat' dir='ltr'><strong>Constitutionis</strong></span> <span class='ocrx_word' id='word_1_78' title='bbox 3626 1793 3792 1844; x_wconf 83' lang='lat' dir='ltr'><strong>sen-</strong></span> 
     </span>
     <span class='ocr_line' id='line_1_10' title="bbox 875 1889 3791 1990; baseline -0.001 -20"><span class='ocrx_word' id='word_1_79' title='bbox 875 1895 1175 1970; x_wconf 85' lang='lat' dir='ltr'><strong>teutiam</strong></span> <span class='ocrx_word' id='word_1_80' title='bbox 1248 1893 2012 1970; x_wconf 85' lang='lat' dir='ltr'><strong>excommunicationis</strong></span> <span class='ocrx_word' id='word_1_81' title='bbox 2074 1893 2396 1967; x_wconf 77' lang='lat' dir='ltr'><strong>incurrat</strong></span> <span class='ocrx_word' id='word_1_82' title='bbox 2445 1891 2609 1989; x_wconf 91' lang='lat' dir='ltr'><strong>ipso</strong></span> <span class='ocrx_word' id='word_1_83' title='bbox 2661 1891 2856 1967; x_wconf 86' lang='lat' dir='ltr'><strong>facto</strong></span> <span class='ocrx_word' id='word_1_84' title='bbox 2908 1915 3043 1990; x_wconf 90' lang='lat' dir='ltr'><strong>per</strong></span> <span class='ocrx_word' id='word_1_85' title='bbox 3092 1891 3254 1967; x_wconf 90' lang='lat' dir='ltr'><strong>Nos</strong></span> <span class='ocrx_word' id='word_1_86' title='bbox 3303 1891 3426 1967; x_wconf 82' lang='lat' dir='ltr'><strong>vel</strong></span> <span class='ocrx_word' id='word_1_87' title='bbox 3480 1889 3791 1967; x_wconf 85' lang='lat' dir='ltr'><strong>Succes-</strong></span> 
     </span>
     <span class='ocr_line' id='line_1_11' title="bbox 879 2012 3787 2112; baseline -0.001 -21"><span class='ocrx_word' id='word_1_88' title='bbox 879 2027 1121 2092; x_wconf 84' lang='lat' dir='ltr'><strong>sorem</strong></span> <span class='ocrx_word' id='word_1_89' title='bbox 1175 2025 1501 2093; x_wconf 91' lang='lat' dir='ltr'><strong>nostrum</strong></span> <span class='ocrx_word' id='word_1_90' title='bbox 1555 2016 1906 2093; x_wconf 83' lang='lat' dir='ltr'><strong>duntaxat</strong></span> <span class='ocrx_word' id='word_1_91' title='bbox 1959 2013 2457 2091; x_wconf 76' lang='lat' dir='ltr'><strong>satisfactione</strong></span> <span class='ocrx_word' id='word_1_92' title='bbox 2526 2012 2931 2112; x_wconf 90' lang='lat' dir='ltr'><strong>praemissa</strong></span> <span class='ocrx_word' id='word_1_93' title='bbox 2997 2014 3513 2109; x_wconf 85' lang='lat' dir='ltr'><strong>absolvendus,</strong></span> <span class='ocrx_word' id='word_1_94' title='bbox 3590 2015 3787 2088; x_wconf 89' lang='lat' dir='ltr'><strong>nulla</strong></span> 
     </span>
     <span class='ocr_line' id='line_1_12' title="bbox 876 2133 3779 2233; baseline -0 -21"><span class='ocrx_word' id='word_1_95' title='bbox 876 2137 1022 2213; x_wconf 87' lang='lat' dir='ltr'><strong>sibi</strong></span> <span class='ocrx_word' id='word_1_96' title='bbox 1073 2135 1420 2214; x_wconf 89' lang='lat' dir='ltr'><strong>dilatione</strong></span> <span class='ocrx_word' id='word_1_97' title='bbox 1470 2138 1594 2214; x_wconf 81' lang='lat' dir='ltr'><strong>vel</strong></span> <span class='ocrx_word' id='word_1_98' title='bbox 1644 2137 2075 2214; x_wconf 75' lang='lat' dir='ltr'><strong>remissione</strong></span> <span class='ocrx_word' id='word_1_99' title='bbox 2136 2135 2623 2210; x_wconf 82' lang='lat' dir='ltr'><strong>Executorum</strong></span> <span class='ocrx_word' id='word_1_100' title='bbox 2676 2135 2796 2210; x_wconf 83' lang='lat' dir='ltr'><strong>vel</strong></span> <span class='ocrx_word' id='word_1_101' title='bbox 2846 2133 3397 2212; x_wconf 89' lang='lat' dir='ltr'><strong>Procuratorum</strong></span> <span class='ocrx_word' id='word_1_102' title='bbox 3455 2134 3779 2233; x_wconf 81' lang='lat' dir='ltr'><strong>Capituli</strong></span> 
     </span>
     <span class='ocr_line' id='line_1_13' title="bbox 874 2254 3787 2358; baseline -0.002 -22"><span class='ocrx_word' id='word_1_103' title='bbox 874 2258 952 2336; x_wconf 90' lang='lat' dir='ltr'><strong>iu</strong></span> <span class='ocrx_word' id='word_1_104' title='bbox 985 2257 1130 2336; x_wconf 88' lang='lat' dir='ltr'><strong>hoc</strong></span> <span class='ocrx_word' id='word_1_105' title='bbox 1163 2283 1342 2336; x_wconf 89' lang='lat' dir='ltr'><strong>casu</strong></span> <span class='ocrx_word' id='word_1_106' title='bbox 1397 2261 1862 2358; x_wconf 85' lang='lat' dir='ltr'><strong>suffragante.</strong></span> <span class='ocrx_word' id='word_1_107' title='bbox 1919 2255 1998 2333; x_wconf 89' lang='lat' dir='ltr'><strong>Si</strong></span> <span class='ocrx_word' id='word_1_108' title='bbox 2037 2256 2207 2355; x_wconf 90' lang='lat' dir='ltr'><strong>quid</strong></span> <span class='ocrx_word' id='word_1_109' title='bbox 2262 2263 2497 2332; x_wconf 89' lang='lat' dir='ltr'><strong>autem</strong></span> <span class='ocrx_word' id='word_1_110' title='bbox 2556 2264 2807 2330; x_wconf 89' lang='lat' dir='ltr'><strong>contra</strong></span> <span class='ocrx_word' id='word_1_111' title='bbox 2856 2259 3261 2354; x_wconf 84' lang='lat' dir='ltr'><strong>praemissa</strong></span> <span class='ocrx_word' id='word_1_112' title='bbox 3312 2257 3433 2333; x_wconf 85' lang='lat' dir='ltr'><strong>vel</strong></span> <span class='ocrx_word' id='word_1_113' title='bbox 3486 2254 3787 2354; x_wconf 79' lang='lat' dir='ltr'><strong>aliquod</strong></span> 
     </span>
     <span class='ocr_line' id='line_1_14' title="bbox 873 2359 3784 2482; baseline -0.001 -26"><span class='ocrx_word' id='word_1_114' title='bbox 873 2402 1123 2458; x_wconf 89' lang='lat' dir='ltr'><strong>eorum</strong></span> <span class='ocrx_word' id='word_1_115' title='bbox 1179 2405 1314 2481; x_wconf 90' lang='lat' dir='ltr'><strong>per</strong></span> <span class='ocrx_word' id='word_1_116' title='bbox 1365 2382 1774 2482; x_wconf 90' lang='lat' dir='ltr'><strong>quempiam</strong></span> <span class='ocrx_word' id='word_1_117' title='bbox 1829 2379 2089 2478; x_wconf 86' lang='lat' dir='ltr'><strong>quavis</strong></span> <span class='ocrx_word' id='word_1_118' title='bbox 2158 2377 2590 2454; x_wconf 86' lang='lat' dir='ltr'><strong>authoritate</strong></span> <span class='ocrx_word' id='word_1_119' title='bbox 2644 2377 2765 2452; x_wconf 84' lang='lat' dir='ltr'><strong>vel</strong></span> <span class='ocrx_word' id='word_1_120' title='bbox 2816 2359 3217 2456; x_wconf 85' lang='lat' dir='ltr'><strong>temeritate</strong></span> <span class='ocrx_word' id='word_1_121' title='bbox 3286 2380 3506 2455; x_wconf 86' lang='lat' dir='ltr'><strong>fuerit</strong></span> <span class='ocrx_word' id='word_1_122' title='bbox 3558 2387 3784 2453; x_wconf 89' lang='lat' dir='ltr'><strong>atten-</strong></span> 
     </span>
     <span class='ocr_line' id='line_1_15' title="bbox 872 2499 3785 2598; baseline -0.002 -19"><span class='ocrx_word' id='word_1_123' title='bbox 872 2510 1096 2580; x_wconf 81' lang='lat' dir='ltr'><strong>tatum</strong></span> <span class='ocrx_word' id='word_1_124' title='bbox 1149 2504 1271 2580; x_wconf 82' lang='lat' dir='ltr'><strong>vel</strong></span> <span class='ocrx_word' id='word_1_125' title='bbox 1319 2504 1608 2593; x_wconf 86' lang='lat' dir='ltr'><strong>factum,</strong></span> <span class='ocrx_word' id='word_1_126' title='bbox 1663 2503 1762 2580; x_wconf 89' lang='lat' dir='ltr'><strong>sit</strong></span> <span class='ocrx_word' id='word_1_127' title='bbox 1809 2503 2086 2578; x_wconf 91' lang='lat' dir='ltr'><strong>irritum</strong></span> <span class='ocrx_word' id='word_1_128' title='bbox 2139 2509 2215 2577; x_wconf 91' lang='lat' dir='ltr'><strong>et</strong></span> <span class='ocrx_word' id='word_1_129' title='bbox 2267 2524 2572 2577; x_wconf 86' lang='lat' dir='ltr'><strong>vacuum</strong></span> <span class='ocrx_word' id='word_1_130' title='bbox 2624 2499 2790 2598; x_wconf 91' lang='lat' dir='ltr'><strong>ipso</strong></span> <span class='ocrx_word' id='word_1_131' title='bbox 2844 2501 3021 2578; x_wconf 90' lang='lat' dir='ltr'><strong>iure.</strong></span> <span class='ocrx_word' id='word_1_132' title='bbox 3078 2501 3337 2577; x_wconf 86' lang='lat' dir='ltr'><strong>Actum</strong></span> <span class='ocrx_word' id='word_1_133' title='bbox 3377 2499 3785 2576; x_wconf 77' lang='lat' dir='ltr'><strong>Cracoviae</strong></span> 
     </span>
     <span class='ocr_line' id='line_1_16' title="bbox 871 2621 3785 2732; baseline -0 -33"><span class='ocrx_word' id='word_1_134' title='bbox 871 2625 950 2699; x_wconf 90' lang='lat' dir='ltr'><strong>in</strong></span> <span class='ocrx_word' id='word_1_135' title='bbox 992 2622 1207 2700; x_wconf 93' lang='lat' dir='ltr'><strong>domo</strong></span> <span class='ocrx_word' id='word_1_136' title='bbox 1244 2625 1518 2701; x_wconf 89' lang='lat' dir='ltr'><strong>Nostra</strong></span> <span class='ocrx_word' id='word_1_137' title='bbox 1553 2623 1982 2732; x_wconf 79' lang='lat' dir='ltr'><strong>Episcopali</strong></span> <span class='ocrx_word' id='word_1_138' title='bbox 2034 2624 2401 2699; x_wconf 88' lang='lat' dir='ltr'><strong>celebrato</strong></span> <span class='ocrx_word' id='word_1_139' title='bbox 2456 2621 2734 2713; x_wconf 82' lang='lat' dir='ltr'><strong>Quarto</strong></span> <span class='ocrx_word' id='word_1_140' title='bbox 2786 2621 2964 2698; x_wconf 89' lang='lat' dir='ltr'><strong>Idus</strong></span> <span class='ocrx_word' id='word_1_141' title='bbox 3016 2623 3296 2700; x_wconf 89' lang='lat' dir='ltr'><strong>Mensis</strong></span> <span class='ocrx_word' id='word_1_142' title='bbox 3348 2622 3529 2720; x_wconf 85' lang='lat' dir='ltr'><strong>Maij</strong></span> <span class='ocrx_word' id='word_1_143' title='bbox 3569 2621 3785 2698; x_wconf 87' lang='lat' dir='ltr'><strong>Anno</strong></span> 
     </span>
    </p>
   </div>
   <div class='ocr_carea' id='block_1_4' title="bbox 868 2743 3278 2842">
    <p class='ocr_par' dir='ltr' id='par_1_4' title="bbox 868 2743 3278 2842">
     <span class='ocr_line' id='line_1_17' title="bbox 868 2743 3278 2842; baseline -0 -19"><span class='ocrx_word' id='word_1_144' title='bbox 868 2747 1174 2827; x_wconf 89' lang='lat' dir='ltr'><strong>Domini</strong></span> <span class='ocrx_word' id='word_1_145' title='bbox 1234 2747 1632 2826; x_wconf 85' lang='lat' dir='ltr'><strong>Millesimo</strong></span> <span class='ocrx_word' id='word_1_146' title='bbox 1683 2745 2233 2826; x_wconf 75' lang='lat' dir='ltr'><strong>Trecentesimo</strong></span> <span class='ocrx_word' id='word_1_147' title='bbox 2304 2744 2928 2842; x_wconf 81' lang='lat' dir='ltr'><strong>Quinquagesimo</strong></span> <span class='ocrx_word' id='word_1_148' title='bbox 2982 2743 3278 2836; x_wconf 83' lang='lat' dir='ltr'><strong>Quinto.</strong></span> 
     </span>
    </p>
   </div>
   <div class='ocr_carea' id='block_1_5' title="bbox 2204 3055 2444 3160">
    <p class='ocr_par' dir='ltr' id='par_1_5' title="bbox 2204 3055 2444 3160">
     <span class='ocr_line' id='line_1_18' title="bbox 2204 3055 2444 3160; baseline -0.013 0"><span class='ocrx_word' id='word_1_149' title='bbox 2204 3055 2444 3160; x_wconf 88' lang='lat' dir='ltr'><strong>XIV.</strong></span> 
     </span>
    </p>
   </div>
   <div class='ocr_carea' id='block_1_6' title="bbox 869 3264 3777 3472">
    <p class='ocr_par' dir='ltr' id='par_1_6' title="bbox 869 3264 3777 3472">
     <span class='ocr_line' id='line_1_19' title="bbox 869 3264 3777 3471; baseline 0 -120"><span class='ocrx_word' id='word_1_150' title='bbox 869 3264 980 3351; x_wconf 81' lang='lat' dir='ltr'><strong>De</strong></span> <span class='ocrx_word' id='word_1_151' title='bbox 1034 3267 1532 3352; x_wconf 79' lang='lat' dir='ltr'><strong>testamentis</strong></span> <span class='ocrx_word' id='word_1_152' title='bbox 1579 3287 1717 3370; x_wconf 79' lang='lat' dir='ltr'><strong>per</strong></span> <span class='ocrx_word' id='word_1_153' title='bbox 1755 3266 2177 3471; x_wconf 48' lang='lat' dir='ltr'><strong>Praelata}</strong></span> <span class='ocrx_word' id='word_1_154' title='bbox 2196 3268 2289 3407; x_wconf 72' lang='lat' dir='ltr'><strong>et</strong></span> <span class='ocrx_word' id='word_1_155' title='bbox 2317 3265 2734 3470; x_wconf 52' lang='grc' dir='ltr'><strong>ῦῖῃοηῑοοε</strong></span> <span class='ocrx_word' id='word_1_156' title='bbox 2790 3264 3321 3351; x_wconf 79' lang='lat' dir='ltr'><strong>cracoviensis</strong></span> <span class='ocrx_word' id='word_1_157' title='bbox 3377 3266 3777 3351; x_wconf 77' lang='lat' dir='ltr'><strong>Ecclesiae</strong></span> 
     </span>
     <span class='ocr_line' id='line_1_20' title="bbox 2167 3406 2528 3472; baseline -0.003 -3"><span class='ocrx_word' id='word_1_158' title='bbox 2167 3406 2385 3472; x_wconf 75' lang='lat' dir='ltr'><strong>acnen</strong></span> <span class='ocrx_word' id='word_1_159' title='bbox 2439 3408 2528 3472; x_wconf 75' lang='lat' dir='ltr'><strong>ns.</strong></span> 
     </span>
    </p>
   </div>
   <div class='ocr_carea' id='block_1_7' title="bbox 785 3595 3773 5413">
    <p class='ocr_par' dir='ltr' id='par_1_7' title="bbox 785 3595 3773 5413">
     <span class='ocr_line' id='line_1_21' title="bbox 1079 3595 3773 3697; baseline 0 -22"><span class='ocrx_word' id='word_1_160' title='bbox 1079 3596 1263 3675; x_wconf 89' lang='lat' dir='ltr'><strong>Cum</strong></span> <span class='ocrx_word' id='word_1_161' title='bbox 1318 3598 1710 3674; x_wconf 89' lang='lat' dir='ltr'><strong>secundum</strong></span> <span class='ocrx_word' id='word_1_162' title='bbox 1783 3598 2148 3695; x_wconf 82' lang='lat' dir='ltr'><strong>legitimas</strong></span> <span class='ocrx_word' id='word_1_163' title='bbox 2223 3595 2653 3673; x_wconf 85' lang='lat' dir='ltr'><strong>Sanctiones</strong></span> <span class='ocrx_word' id='word_1_164' title='bbox 2707 3598 2887 3673; x_wconf 89' lang='lat' dir='ltr'><strong>nihil</strong></span> <span class='ocrx_word' id='word_1_165' title='bbox 2941 3608 3055 3674; x_wconf 89' lang='lat' dir='ltr'><strong>est</strong></span> <span class='ocrx_word' id='word_1_166' title='bbox 3107 3596 3300 3695; x_wconf 90' lang='lat' dir='ltr'><strong>quod</strong></span> <span class='ocrx_word' id='word_1_167' title='bbox 3355 3600 3594 3697; x_wconf 86' lang='lat' dir='ltr'><strong>magis</strong></span> <span class='ocrx_word' id='word_1_168' title='bbox 3648 3600 3773 3675; x_wconf 86' lang='lat' dir='ltr'><strong>de-</strong></span> 
     </span>
     <span class='ocr_line' id='line_1_22' title="bbox 867 3719 3769 3820; baseline 0 -23"><span class='ocrx_word' id='word_1_169' title='bbox 867 3720 1125 3798; x_wconf 85' lang='lat' dir='ltr'><strong>beatur</strong></span> <span class='ocrx_word' id='word_1_170' title='bbox 1198 3720 1610 3797; x_wconf 91' lang='lat' dir='ltr'><strong>hominibus</strong></span> <span class='ocrx_word' id='word_1_171' title='bbox 1689 3744 1902 3820; x_wconf 89' lang='lat' dir='ltr'><strong>quam</strong></span> <span class='ocrx_word' id='word_1_172' title='bbox 1983 3719 2177 3817; x_wconf 87' lang='lat' dir='ltr'><strong>quod</strong></span> <span class='ocrx_word' id='word_1_173' title='bbox 2250 3720 2439 3796; x_wconf 89' lang='lat' dir='ltr'><strong>liber</strong></span> <span class='ocrx_word' id='word_1_174' title='bbox 2517 3720 2614 3794; x_wconf 88' lang='lat' dir='ltr'><strong>sit</strong></span> <span class='ocrx_word' id='word_1_175' title='bbox 2682 3719 2920 3819; x_wconf 84' lang='lat' dir='ltr'><strong>stylus</strong></span> <span class='ocrx_word' id='word_1_176' title='bbox 2990 3721 3281 3795; x_wconf 89' lang='lat' dir='ltr'><strong>ultimae</strong></span> <span class='ocrx_word' id='word_1_177' title='bbox 3351 3722 3769 3809; x_wconf 76' lang='lat' dir='ltr'><strong>voluntatis,</strong></span> 
     </span>
     <span class='ocr_line' id='line_1_23' title="bbox 866 3838 3769 3942; baseline 0 -24"><span class='ocrx_word' id='word_1_178' title='bbox 866 3843 1184 3921; x_wconf 86' lang='lat' dir='ltr'><strong>Proinde</strong></span> <span class='ocrx_word' id='word_1_179' title='bbox 1237 3842 1396 3919; x_wconf 91' lang='lat' dir='ltr'><strong>Nos</strong></span> <span class='ocrx_word' id='word_1_180' title='bbox 1431 3841 1807 3919; x_wconf 88' lang='lat' dir='ltr'><strong>Bodzanta</strong></span> <span class='ocrx_word' id='word_1_181' title='bbox 1859 3842 2003 3917; x_wconf 90' lang='lat' dir='ltr'><strong>Dei</strong></span> <span class='ocrx_word' id='word_1_182' title='bbox 2052 3848 2127 3917; x_wconf 90' lang='lat' dir='ltr'><strong>et</strong></span> <span class='ocrx_word' id='word_1_183' title='bbox 2160 3841 2631 3941; x_wconf 89' lang='lat' dir='ltr'><strong>Apostolicae</strong></span> <span class='ocrx_word' id='word_1_184' title='bbox 2684 3838 2898 3917; x_wconf 89' lang='lat' dir='ltr'><strong>Sedis</strong></span> <span class='ocrx_word' id='word_1_185' title='bbox 2951 3841 3407 3941; x_wconf 87' lang='lat' dir='ltr'><strong>providentia</strong></span> <span class='ocrx_word' id='word_1_186' title='bbox 3456 3843 3769 3942; x_wconf 87' lang='lat' dir='ltr'><strong>Episco-</strong></span> 
     </span>
     <span class='ocr_line' id='line_1_24' title="bbox 869 3962 3768 4066; baseline -0.001 -23"><span class='ocrx_word' id='word_1_187' title='bbox 869 3990 1010 4066; x_wconf 88' lang='lat' dir='ltr'><strong>pus</strong></span> <span class='ocrx_word' id='word_1_188' title='bbox 1065 3964 1601 4060; x_wconf 83' lang='lat' dir='ltr'><strong>Cracoviensis,</strong></span> <span class='ocrx_word' id='word_1_189' title='bbox 1658 3966 1986 4041; x_wconf 84' lang='lat' dir='ltr'><strong>volentes</strong></span> <span class='ocrx_word' id='word_1_190' title='bbox 2039 3972 2117 4041; x_wconf 92' lang='lat' dir='ltr'><strong>ut</strong></span> <span class='ocrx_word' id='word_1_191' title='bbox 2160 3964 2460 4039; x_wconf 86' lang='lat' dir='ltr'><strong>Fratres</strong></span> <span class='ocrx_word' id='word_1_192' title='bbox 2513 3964 2743 4038; x_wconf 85' lang='lat' dir='ltr'><strong>nostri</strong></span> <span class='ocrx_word' id='word_1_193' title='bbox 2793 3962 3112 4040; x_wconf 89' lang='lat' dir='ltr'><strong>Praelati</strong></span> <span class='ocrx_word' id='word_1_194' title='bbox 3168 3965 3452 4040; x_wconf 90' lang='lat' dir='ltr'><strong>scilicet</strong></span> <span class='ocrx_word' id='word_1_195' title='bbox 3504 3974 3578 4041; x_wconf 87' lang='lat' dir='ltr'><strong>et</strong></span> <span class='ocrx_word' id='word_1_196' title='bbox 3628 3964 3768 4040; x_wconf 90' lang='lat' dir='ltr'><strong>Ca-</strong></span> 
     </span>
     <span class='ocr_line' id='line_1_25' title="bbox 867 4084 3765 4184; baseline -0.001 -21"><span class='ocrx_word' id='word_1_197' title='bbox 867 4088 1110 4165; x_wconf 90' lang='lat' dir='ltr'><strong>nonici</strong></span> <span class='ocrx_word' id='word_1_198' title='bbox 1145 4096 1439 4164; x_wconf 88' lang='lat' dir='ltr'><strong>nostrae</strong></span> <span class='ocrx_word' id='word_1_199' title='bbox 1485 4087 1872 4163; x_wconf 88' lang='lat' dir='ltr'><strong>Ecclesiae</strong></span> <span class='ocrx_word' id='word_1_200' title='bbox 1927 4084 2412 4183; x_wconf 87' lang='lat' dir='ltr'><strong>Cathedralis,</strong></span> <span class='ocrx_word' id='word_1_201' title='bbox 2469 4085 2560 4160; x_wconf 89' lang='lat' dir='ltr'><strong>de</strong></span> <span class='ocrx_word' id='word_1_202' title='bbox 2596 4086 2749 4161; x_wconf 91' lang='lat' dir='ltr'><strong>suis</strong></span> <span class='ocrx_word' id='word_1_203' title='bbox 2799 4085 3176 4162; x_wconf 87' lang='lat' dir='ltr'><strong>laboribus</strong></span> <span class='ocrx_word' id='word_1_204' title='bbox 3229 4110 3413 4184; x_wconf 90' lang='lat' dir='ltr'><strong>quos</strong></span> <span class='ocrx_word' id='word_1_205' title='bbox 3445 4087 3521 4162; x_wconf 92' lang='lat' dir='ltr'><strong>in</strong></span> <span class='ocrx_word' id='word_1_206' title='bbox 3559 4086 3765 4163; x_wconf 88' lang='lat' dir='ltr'><strong>bonis</strong></span> 
     </span>
     <span class='ocr_line' id='line_1_26' title="bbox 785 4208 3763 4306; baseline -0.001 -21"><span class='ocrx_word' id='word_1_207' title='bbox 785 4236 792 4243; x_wconf 93' lang='lat'>·</span> <span class='ocrx_word' id='word_1_208' title='bbox 865 4210 1248 4285; x_wconf 88' lang='lat' dir='ltr'><strong>Ecclesiae</strong></span> <span class='ocrx_word' id='word_1_209' title='bbox 1303 4218 1593 4285; x_wconf 87' lang='lat' dir='ltr'><strong>nostrae</strong></span> <span class='ocrx_word' id='word_1_210' title='bbox 1645 4210 1974 4306; x_wconf 87' lang='lat' dir='ltr'><strong>fecerint,</strong></span> <span class='ocrx_word' id='word_1_211' title='bbox 2024 4210 2393 4285; x_wconf 88' lang='lat' dir='ltr'><strong>fructuose</strong></span> <span class='ocrx_word' id='word_1_212' title='bbox 2447 4208 2684 4285; x_wconf 89' lang='lat' dir='ltr'><strong>saltim</strong></span> <span class='ocrx_word' id='word_1_213' title='bbox 2739 4209 2813 4283; x_wconf 90' lang='lat' dir='ltr'><strong>in</strong></span> <span class='ocrx_word' id='word_1_214' title='bbox 2870 4209 3210 4285; x_wconf 84' lang='lat' dir='ltr'><strong>extremis</strong></span> <span class='ocrx_word' id='word_1_215' title='bbox 3272 4209 3763 4285; x_wconf 86' lang='lat' dir='ltr'><strong>consolatione</strong></span> 
     </span>
     <span class='ocr_line' id='line_1_27' title="bbox 863 4328 3769 4431; baseline -0.002 -23"><span class='ocrx_word' id='word_1_216' title='bbox 863 4330 1230 4429; x_wconf 82' lang='lat' dir='ltr'><strong>gaudeant</strong></span> <span class='ocrx_word' id='word_1_217' title='bbox 1282 4332 1608 4431; x_wconf 87' lang='lat' dir='ltr'><strong>speciali,</strong></span> <span class='ocrx_word' id='word_1_218' title='bbox 1668 4332 1758 4409; x_wconf 91' lang='lat' dir='ltr'><strong>de</strong></span> <span class='ocrx_word' id='word_1_219' title='bbox 1813 4330 2201 4408; x_wconf 89' lang='lat' dir='ltr'><strong>eorundem</strong></span> <span class='ocrx_word' id='word_1_220' title='bbox 2254 4332 2590 4406; x_wconf 88' lang='lat' dir='ltr'><strong>Fratrum</strong></span> <span class='ocrx_word' id='word_1_221' title='bbox 2651 4339 3061 4407; x_wconf 88' lang='lat' dir='ltr'><strong>nostrorum</strong></span> <span class='ocrx_word' id='word_1_222' title='bbox 3114 4328 3436 4427; x_wconf 84' lang='lat' dir='ltr'><strong>Capituli</strong></span> <span class='ocrx_word' id='word_1_223' title='bbox 3489 4331 3769 4406; x_wconf 87' lang='lat' dir='ltr'><strong>scilicet</strong></span> 
     </span>
     <span class='ocr_line' id='line_1_28' title="bbox 865 4450 3765 4551; baseline -0.001 -21"><span class='ocrx_word' id='word_1_224' title='bbox 865 4453 1380 4531; x_wconf 86' lang='lat' dir='ltr'><strong>Cracoviensis</strong></span> <span class='ocrx_word' id='word_1_225' title='bbox 1448 4454 1754 4531; x_wconf 89' lang='lat' dir='ltr'><strong>consilio</strong></span> <span class='ocrx_word' id='word_1_226' title='bbox 1809 4462 1884 4530; x_wconf 88' lang='lat' dir='ltr'><strong>et</strong></span> <span class='ocrx_word' id='word_1_227' title='bbox 1933 4477 2241 4529; x_wconf 87' lang='lat' dir='ltr'><strong>assensu</strong></span> <span class='ocrx_word' id='word_1_228' title='bbox 2296 4454 2715 4551; x_wconf 88' lang='lat' dir='ltr'><strong>statuimus;</strong></span> <span class='ocrx_word' id='word_1_229' title='bbox 2788 4452 2979 4550; x_wconf 89' lang='lat' dir='ltr'><strong>quod</strong></span> <span class='ocrx_word' id='word_1_230' title='bbox 3036 4452 3338 4549; x_wconf 89' lang='lat' dir='ltr'><strong>quilibet</strong></span> <span class='ocrx_word' id='word_1_231' title='bbox 3388 4450 3765 4528; x_wconf 87' lang='lat' dir='ltr'><strong>Praelatus</strong></span> 
     </span>
     <span class='ocr_line' id='line_1_29' title="bbox 865 4573 3763 4677; baseline -0.001 -24"><span class='ocrx_word' id='word_1_232' title='bbox 865 4584 940 4653; x_wconf 89' lang='lat' dir='ltr'><strong>et</strong></span> <span class='ocrx_word' id='word_1_233' title='bbox 989 4576 1402 4653; x_wconf 89' lang='lat' dir='ltr'><strong>Canonicus</strong></span> <span class='ocrx_word' id='word_1_234' title='bbox 1453 4576 1868 4677; x_wconf 86' lang='lat' dir='ltr'><strong>praedictae</strong></span> <span class='ocrx_word' id='word_1_235' title='bbox 1922 4584 2213 4653; x_wconf 83' lang='lat' dir='ltr'><strong>nostrae</strong></span> <span class='ocrx_word' id='word_1_236' title='bbox 2265 4575 2650 4651; x_wconf 84' lang='lat' dir='ltr'><strong>Ecclesiae</strong></span> <span class='ocrx_word' id='word_1_237' title='bbox 2704 4573 3165 4650; x_wconf 87' lang='lat' dir='ltr'><strong>Cathedralis</strong></span> <span class='ocrx_word' id='word_1_238' title='bbox 3217 4574 3307 4649; x_wconf 91' lang='lat' dir='ltr'><strong>de</strong></span> <span class='ocrx_word' id='word_1_239' title='bbox 3344 4574 3559 4649; x_wconf 90' lang='lat' dir='ltr'><strong>bonis</strong></span> <span class='ocrx_word' id='word_1_240' title='bbox 3614 4574 3763 4650; x_wconf 86' lang='lat' dir='ltr'><strong>suis</strong></span> 
     </span>
     <span class='ocr_line' id='line_1_30' title="bbox 861 4694 3762 4796; baseline -0.002 -20"><span class='ocrx_word' id='word_1_241' title='bbox 861 4700 1251 4776; x_wconf 86' lang='lat' dir='ltr'><strong>mobilibus</strong></span> <span class='ocrx_word' id='word_1_242' title='bbox 1302 4707 1380 4776; x_wconf 92' lang='lat' dir='ltr'><strong>et</strong></span> <span class='ocrx_word' id='word_1_243' title='bbox 1430 4723 1511 4776; x_wconf 92' lang='lat' dir='ltr'><strong>se</strong></span> <span class='ocrx_word' id='word_1_244' title='bbox 1563 4699 2053 4796; x_wconf 85' lang='lat' dir='ltr'><strong>moventibus,</strong></span> <span class='ocrx_word' id='word_1_245' title='bbox 2126 4720 2313 4796; x_wconf 89' lang='lat' dir='ltr'><strong>quae</strong></span> <span class='ocrx_word' id='word_1_246' title='bbox 2367 4695 2458 4772; x_wconf 89' lang='lat' dir='ltr'><strong>de</strong></span> <span class='ocrx_word' id='word_1_247' title='bbox 2512 4698 2664 4773; x_wconf 89' lang='lat' dir='ltr'><strong>suis</strong></span> <span class='ocrx_word' id='word_1_248' title='bbox 2716 4697 2929 4773; x_wconf 87' lang='lat' dir='ltr'><strong>iustis</strong></span> <span class='ocrx_word' id='word_1_249' title='bbox 2980 4697 3354 4773; x_wconf 87' lang='lat' dir='ltr'><strong>laboribus</strong></span> <span class='ocrx_word' id='word_1_250' title='bbox 3422 4696 3637 4771; x_wconf 89' lang='lat' dir='ltr'><strong>etiam</strong></span> <span class='ocrx_word' id='word_1_251' title='bbox 3687 4694 3762 4769; x_wconf 91' lang='lat' dir='ltr'><strong>in</strong></span> 
     </span>
     <span class='ocr_line' id='line_1_31' title="bbox 863 4817 3763 4918; baseline -0.002 -21"><span class='ocrx_word' id='word_1_252' title='bbox 863 4822 1076 4898; x_wconf 90' lang='lat' dir='ltr'><strong>bonis</strong></span> <span class='ocrx_word' id='word_1_253' title='bbox 1143 4822 1528 4899; x_wconf 91' lang='lat' dir='ltr'><strong>Ecclesiae</strong></span> <span class='ocrx_word' id='word_1_254' title='bbox 1580 4831 1871 4897; x_wconf 84' lang='lat' dir='ltr'><strong>nostrae</strong></span> <span class='ocrx_word' id='word_1_255' title='bbox 1939 4829 2085 4895; x_wconf 89' lang='lat' dir='ltr'><strong>tam</strong></span> <span class='ocrx_word' id='word_1_256' title='bbox 2142 4819 2456 4918; x_wconf 90' lang='lat' dir='ltr'><strong>Capituli</strong></span> <span class='ocrx_word' id='word_1_257' title='bbox 2521 4820 2749 4894; x_wconf 79' lang='lat' dir='ltr'><strong>nostri</strong></span> <span class='ocrx_word' id='word_1_258' title='bbox 2801 4817 3157 4918; x_wconf 87' lang='lat' dir='ltr'><strong>praedicti</strong></span> <span class='ocrx_word' id='word_1_259' title='bbox 3174 4875 3191 4909; x_wconf 87' lang='lat'>‚</span> <span class='ocrx_word' id='word_1_260' title='bbox 3265 4841 3479 4915; x_wconf 89' lang='lat' dir='ltr'><strong>quam</strong></span> <span class='ocrx_word' id='word_1_261' title='bbox 3550 4818 3763 4892; x_wconf 88' lang='lat' dir='ltr'><strong>ctiam</strong></span> 
     </span>
     <span class='ocr_line' id='line_1_32' title="bbox 863 4939 3759 5043; baseline -0.002 -23"><span class='ocrx_word' id='word_1_262' title='bbox 863 4945 1387 5043; x_wconf 89' lang='lat' dir='ltr'><strong>pertinentibus</strong></span> <span class='ocrx_word' id='word_1_263' title='bbox 1456 4941 1551 5019; x_wconf 91' lang='lat' dir='ltr'><strong>ad</strong></span> <span class='ocrx_word' id='word_1_264' title='bbox 1604 4966 1911 5043; x_wconf 89' lang='lat' dir='ltr'><strong>corpora</strong></span> <span class='ocrx_word' id='word_1_265' title='bbox 1981 4942 2566 5017; x_wconf 89' lang='lat' dir='ltr'><strong>Praebendarum</strong></span> <span class='ocrx_word' id='word_1_266' title='bbox 2635 4941 2843 5039; x_wconf 89' lang='lat' dir='ltr'><strong>ipsos</strong></span> <span class='ocrx_word' id='word_1_267' title='bbox 2912 4942 3285 5038; x_wconf 87' lang='lat' dir='ltr'><strong>acquirere</strong></span> <span class='ocrx_word' id='word_1_268' title='bbox 3357 4939 3759 5036; x_wconf 81' lang='lat' dir='ltr'><strong>contigerit,</strong></span> 
     </span>
     <span class='ocr_line' id='line_1_33' title="bbox 860 5061 3759 5164; baseline -0.002 -23"><span class='ocrx_word' id='word_1_269' title='bbox 860 5090 1004 5141; x_wconf 89' lang='lat' dir='ltr'><strong>non</strong></span> <span class='ocrx_word' id='word_1_270' title='bbox 1059 5065 1295 5141; x_wconf 91' lang='lat' dir='ltr'><strong>solum</strong></span> <span class='ocrx_word' id='word_1_271' title='bbox 1344 5066 1420 5141; x_wconf 89' lang='lat' dir='ltr'><strong>in</strong></span> <span class='ocrx_word' id='word_1_272' title='bbox 1478 5065 1653 5164; x_wconf 87' lang='lat' dir='ltr'><strong>vita,</strong></span> <span class='ocrx_word' id='word_1_273' title='bbox 1727 5090 1973 5141; x_wconf 84' lang='lat' dir='ltr'><strong>verum</strong></span> <span class='ocrx_word' id='word_1_274' title='bbox 2030 5066 2245 5140; x_wconf 87' lang='lat' dir='ltr'><strong>ctiam</strong></span> <span class='ocrx_word' id='word_1_275' title='bbox 2296 5066 2373 5139; x_wconf 91' lang='lat' dir='ltr'><strong>in</strong></span> <span class='ocrx_word' id='word_1_276' title='bbox 2426 5072 2654 5139; x_wconf 91' lang='lat' dir='ltr'><strong>morte</strong></span> <span class='ocrx_word' id='word_1_277' title='bbox 2710 5064 2863 5139; x_wconf 90' lang='lat' dir='ltr'><strong>suis</strong></span> <span class='ocrx_word' id='word_1_278' title='bbox 2934 5061 3424 5139; x_wconf 88' lang='lat' dir='ltr'><strong>Servitoribus</strong></span> <span class='ocrx_word' id='word_1_279' title='bbox 3489 5070 3563 5139; x_wconf 91' lang='lat' dir='ltr'><strong>et</strong></span> <span class='ocrx_word' id='word_1_280' title='bbox 3610 5062 3759 5137; x_wconf 87' lang='lat' dir='ltr'><strong>Fa-</strong></span> 
     </span>
     <span class='ocr_line' id='line_1_34' title="bbox 861 5184 3759 5287; baseline -0.002 -22"><span class='ocrx_word' id='word_1_281' title='bbox 861 5188 1263 5265; x_wconf 91' lang='lat' dir='ltr'><strong>miliaribus</strong></span> <span class='ocrx_word' id='word_1_282' title='bbox 1317 5188 1862 5285; x_wconf 87' lang='lat' dir='ltr'><strong>quibuscunque</strong></span> <span class='ocrx_word' id='word_1_283' title='bbox 1914 5211 2049 5287; x_wconf 89' lang='lat' dir='ltr'><strong>pro</strong></span> <span class='ocrx_word' id='word_1_284' title='bbox 2104 5210 2347 5263; x_wconf 89' lang='lat' dir='ltr'><strong>eorum</strong></span> <span class='ocrx_word' id='word_1_285' title='bbox 2402 5185 2718 5263; x_wconf 88' lang='lat' dir='ltr'><strong>servitiis</strong></span> <span class='ocrx_word' id='word_1_286' title='bbox 2772 5184 3132 5282; x_wconf 85' lang='lat' dir='ltr'><strong>condigne</strong></span> <span class='ocrx_word' id='word_1_287' title='bbox 3183 5185 3581 5262; x_wconf 89' lang='lat' dir='ltr'><strong>retribuere</strong></span> <span class='ocrx_word' id='word_1_288' title='bbox 3633 5208 3759 5260; x_wconf 86' lang='lat' dir='ltr'><strong>va-</strong></span> 
     </span>
     <span class='ocr_line' id='line_1_35' title="bbox 857 5308 3761 5413; baseline -0 -26"><span class='ocrx_word' id='word_1_289' title='bbox 857 5310 1046 5408; x_wconf 89' lang='lat' dir='ltr'><strong>leat,</strong></span> <span class='ocrx_word' id='word_1_290' title='bbox 1103 5318 1176 5389; x_wconf 91' lang='lat' dir='ltr'><strong>et</strong></span> <span class='ocrx_word' id='word_1_291' title='bbox 1227 5331 1360 5411; x_wconf 90' lang='lat' dir='ltr'><strong>pro</strong></span> <span class='ocrx_word' id='word_1_292' title='bbox 1414 5310 1568 5387; x_wconf 91' lang='lat' dir='ltr'><strong>suis</strong></span> <span class='ocrx_word' id='word_1_293' title='bbox 1622 5309 1885 5386; x_wconf 90' lang='lat' dir='ltr'><strong>debitis</strong></span> <span class='ocrx_word' id='word_1_294' title='bbox 1955 5310 2417 5405; x_wconf 86' lang='lat' dir='ltr'><strong>satisfacere,</strong></span> <span class='ocrx_word' id='word_1_295' title='bbox 2484 5310 2575 5386; x_wconf 92' lang='lat' dir='ltr'><strong>de</strong></span> <span class='ocrx_word' id='word_1_296' title='bbox 2628 5308 2903 5387; x_wconf 90' lang='lat' dir='ltr'><strong>eisdem</strong></span> <span class='ocrx_word' id='word_1_297' title='bbox 2957 5310 3168 5387; x_wconf 89' lang='lat' dir='ltr'><strong>etiam</strong></span> <span class='ocrx_word' id='word_1_298' title='bbox 3220 5308 3541 5409; x_wconf 82' lang='lat' dir='ltr'><strong>legando</strong></span> <span class='ocrx_word' id='word_1_299' title='bbox 3590 5315 3761 5413; x_wconf 86' lang='lat' dir='ltr'><strong>post</strong></span> 
     </span>
    </p>
   </div>
  </div>
 </body>
</html>
