4055 6364
1410 811 1498 822 -
1614 765 1976 844 205-

1499 1029 1862 1130 CCLlV.

231 1240 342 1321 Αι1
419 1237 793 1321 beneficia
863 1236 1472 1320 communitatum
1559 1237 1952 1320 Ecclesiae
2030 1237 2507 1320 cathedralis
2582 1235 3137 1333 cracoviensia

226 1362 398 1443 dum
453 1380 553 1442 ea
603 1378 891 1442 vacare
939 1359 1362 1459 contigerit,
1405 1361 2006 1460 promoveantur,
2066 1359 2563 1441 admittantur
2619 1360 2701 1440 et
2748 1358 3139 1440 instituan-

227 1488 356 1564 tur
412 1482 922 1566 Praesentati.
996 1482 1068 1562 tn
1127 1478 1385 1563 eodem
1453 1481 1782 1581 uenerati
1858 1480 2194 1582 capituto
2261 1480 2379 1562 die
2438 1480 2486 1562 ΙΙ
2546 1480 2897 1563 octobris
2955 1479 3135 1576 1715,

945 1603 1400 1704 Episcopatu
1460 1603 1945 1685 illustrissimi
1999 1603 2419 1686 Lubienski.

433 1813 551 1887 Ad
587 1813 942 1888 beneficia
997 1811 1599 1887 Oommunitatum
1638 1812 1948 1886 omnium
2005 1812 2381 1887 Ecclesiae
2436 1810 2898 1886 Cathcdralis
2952 1808 3133 1886 Ora-

225 1936 596 2010 coviensis
647 1943 730 2008 nt.
775 1935 1107 2028 integrae
1157 1935 1396 2008 famae
1443 1945 1512 2008 et
1550 1934 1856 2008 nominis
1914 1957 2267 2032 personae
2320 1940 2897 2033 promoveantur,
2951 1932 3131 2008 Per-

222 2059 546 2132 illustres
599 2064 670 2131 et
726 2055 1340 2130 Reverendissimi
1415 2057 1707 2130 Domini
1760 2055 2173 2153 Capitulum
2247 2057 2664 2154 prospicere
2730 2056 3127 2152 cupientes,

222 2179 794 2276 quandocunque
828 2179 902 2252 in
941 2179 1182 2274 aliqua
1237 2177 1762 2274 praedictarum
1817 2177 2417 2254 Communitatum
2477 2177 3127 2254 beneficia-vacare

221 2302 625 2396 contigerit,
681 2323 823 2375 non
879 2301 1090 2374 aliter
1127 2299 1269 2373 nisi
1304 2300 1674 2396 productis
1723 2302 2159 2376 testimoniis
2208 2299 2837 2376 sufficientissimis
2890 2323 2935 2372 a
2970 2322 3131 2396 per·

221 2423 424 2498 sonis
478 2423 670 2496 omni
723 2423 1147 2520 exceptione
1197 2422 1608 2515 maioribus,
1675 2422 1888 2497 etiam
1945 2448 1988 2497 a
2044 2423 2601 2498 Professoribus
2673 2420 3127 2509 cumulatim,

217 2545 290 2618 iu
331 2567 634 2641 quornm
689 2543 920 2618 oculis
974 2552 1124 2618 toto
1180 2542 1571 2616 studiorum
1630 2544 1784 2617 sive
1824 2545 2127 2619 aliorum
2183 2543 2585 2619 officiorum
2626 2563 2913 2616 suorum
2952 2549 3127 2616 tem·

223 2690 422 2764 pore,
481 2667 694 2741 etiam
751 2667 1104 2740 anteactis
1157 2667 1601 2762 temporibus
1655 2668 1923 2741 versati
1974 2667 2283 2756 fuerint,
2334 2665 2544 2740 simul
2602 2689 2760 2738 eum
2820 2663 3126 2758 qualita-

218 2791 413 2864 tibus
470 2799 541 2863 et
592 2788 982 2863 idoneitate
1055 2813 1180 2886 pro
1237 2789 1596 2887 exigentia
1668 2789 2069 2863 officiorum
2143 2787 2531 2862 cuiuslibet
2580 2787 2655 2861 in
2712 2785 3129 2884 particulari

220 2909 809 3001 Communitatis,
867 2923 1412 3006 praesententur
1464 2936 1593 3010 per
1647 2935 1796 3002 eos,
1851 2911 1942 2984 ad
2000 2934 2183 3007 quos
2238 2910 2565 3007 pertinet,
2620 2919 2692 2984 et
2744 2907 3121 2982 instituan-

219 3041 356 3120 tur,
433 3031 620 3106 alias
673 3032 871 3106 nullo
929 3034 1366 3128 suffragante
1429 3034 1680 3108 favore
1733 3034 2215 3124 admittantur,
2274 3038 2345 3105 et
2397 3031 2699 3105 admissi
2768 3027 3128 3104 inhabiles

217 3155 596 3249 minusque
664 3152 908 3227 idonei
981 3178 1070 3227 cx
1145 3152 1792 3231 Communitatibus
1877 3154 2349 3231 excludantur
2428 3153 2585 3227 sive
2658 3151 3123 3241 dimittantur,

217 3275 516 3349 Decreti
571 3276 975 3372 praesentis
1030 3276 1304 3369 vigore.

1509 3486 1826 3587 CCLV.

219 3692 641 3775 Proventus
679 3690 1141 3792 capellarum
1181 3693 1280 3773 ad
1311 3712 1520 3774 usum
1562 3695 1889 3796 ipsarum
1930 3696 2478 3776 convertantur
2513 3696 2827 3791 tantum,
2871 3694 2954 3774 et
2984 3708 3122 3774 non

427 3814 525 3894 ad
572 3812 768 3895 alios
815 3832 1322 3915 quoscunque.
1380 3816 1508 3897 Die
1544 3813 1860 3898 Veneris
1908 3818 2015 3898 25
2067 3815 2414 3898 octobris
2470 3816 2675 3899 Anno
2730 3817 2908 3899 1715.

425 4020 828 4120 Specialem
885 4022 1532 4099 considerationem
1587 4027 1938 4101 habentes
1997 4026 2460 4101 Perillustres
2513 4035 2587 4100 et
2634 4023 3119 4101 Reverendis-

215 4148 374 4221 simi
453 4143 748 4219 Domini
818 4143 1224 4242 Capitulum
1322 4156 1788 4243 proventuum
1874 4148 2346 4246 dispositione
2410 4148 2900 4223 Fundatorum
2990 4168 3122 4241 pro

215 4268 670 4367 reparatione
751 4266 1209 4365 Capellarnm
1295 4269 1819 4367 ordinatorum3
1901 4294 1991 4343 ne
2066 4271 2239 4345 dicti
2320 4279 2709 4368 proventus
2787 4270 2861 4342 in
2933 4268 3121 4341 alios

217 4412 388 4465 usus
443 4398 516 4462 et
569 4390 1042 4465 necessitates
1115 4414 1578 4487 quascunque
1651 4400 2181 4486 convertantur,
2256 4394 2385 4467 sed
2452 4416 2582 4489 pro
2639 4391 2797 4465 sola
2852 4388 3115 4487 Capel-

213 4510 440 4585 larum
499 4518 849 4608 oportuna
904 4513 1378 4609 reparatione,
1437 4525 1779 4589 caverunt
1833 4515 2197 4612 praesenti
2251 4537 2383 4590 suo
2434 4515 2769 4607 Decreto,
2828 4522 3120 4587 cavent-

215 4656 350 4729 que
403 4634 477 4706 in
531 4633 842 4708 futurum
895 4633 1408 4709 inviolabiliter
1461 4638 1914 4711 servandum.
