4055 6364
2082 741 2659 818 -216-

931 958 1245 1045 tantum,
1323 951 1788 1026 Perillustres
1873 958 1944 1025 et
2016 949 2631 1024 Reverendissimi
2705 951 2998 1024 Domini
3072 948 3387 1024 Praelati
3460 957 3530 1022 et
3599 947 3825 1023 Cano·

931 1074 1079 1148 nici
1143 1073 1528 1149 Ecclesiae
1602 1071 2063 1148 Cathedralis
2144 1070 2655 1146 Cracoviensis
2722 1071 2798 1145 in
2870 1072 3234 1168 praesenti
3285 1071 3613 1166 generali
3692 1070 3829 1145 Ca·

931 1197 1162 1294 pitulo
1237 1197 1681 1291 congregati,
1761 1197 1957 1269 facto
2027 1194 2217 1268 inter
2270 1218 2351 1268 se
2405 1202 2647 1269 mutuo
2698 1193 3093 1268 animorum
3149 1217 3507 1269 consensu
3562 1201 3636 1268 et
3686 1193 3828 1268 col-

930 1318 1201 1392 latione
1273 1318 1585 1412 negotiis
1657 1318 1810 1393 suis
1890 1317 1960 1390 in
2048 1317 2599 1391 Praestimoniis
2680 1325 2751 1389 et
2832 1315 3024 1388 domi
3114 1315 3559 1390 commodius
3640 1316 3828 1388 ordi-

933 1440 1228 1531 nandis,
1314 1437 1666 1513 Statutum
1761 1437 2034 1533 antiqui
2125 1461 2300 1511 usus
2392 1437 2979 1512 reassumendum
3061 1460 3227 1510 esse
3316 1439 3831 1512 constituerunt

933 1569 1007 1636 et
1082 1561 1589 1636 concluserunt
1659 1560 1873 1635 modo
1947 1560 2305 1634 trifariam
2362 1561 2759 1633 servando:
2854 1559 3045 1655 quod
3102 1559 3403 1654 quilibet
3455 1559 3828 1633 Praelatus

933 1689 1006 1758 et
1059 1680 1490 1775 Canonicus,
1547 1692 1928 1779 postquam
1982 1682 2054 1755 in
2115 1679 2453 1777 Capitulo
2512 1704 2641 1777 per
2692 1671 2841 1754 tres
2898 1703 3187 1754 menses
3244 1681 3399 1754 sive
3438 1682 3829 1770 coutinuOS,

934 1807 1089 1881 sive
1165 1805 1698 1899 discontinuos,
1773 1803 2187 1901 incipiendo
2260 1827 2303 1875 a
2377 1825 2623 1876 mense
2696 1802 3063 1892 Ianum-ic,
3140 1808 3212 1874 et
3282 1801 3699 1876 successive
3768 1801 3831 1873 si

933 1928 1120 2003 alios
1171 1938 1320 2002 tres
1392 1951 1700 2019 menses,
1777 1928 1937 2000 sive
1993 1926 2207 1999 etiam
2284 1947 2416 1998 sex
2467 1925 2793 2017 integros
2866 1947 3153 1998 menses
3218 1923 3375 1996 sive
3432 1924 3829 2012 continuoS,

935 2051 1090 2124 sive
1146 2049 1660 2142 discontinuos,
1721 2049 2135 2146 probaverit
2188 2071 2269 2120 se
2325 2069 2551 2143 penes
2607 2045 3011 2118 Ecclesiam
3068 2045 3451 2134 mansisse,
3527 2045 3831 2138 singulis

937 2171 1150 2246 dictis
1217 2171 1699 2246 trimestribus
1775 2171 2105 2268 expletis„
2184 2168 2482 2242 duabus·
2535 2167 3013 2242 hebdomadis
3066 2167 3207 2240 sibi
3262 2165 3829 2263 corresponden-

931 2295 1144 2386 tibus,
1203 2317 1290 2367 ac
1316 2294 1528 2367 ctiam
1581 2294 1862 2386 integro
1919 2291 2252 2368 semestri
2309 2289 2643 2383 deducto,
2701 2300 3004 2385 quatuor
3056 2287 3534 2362 hebdomadis
3586 2289 3829 2362 simili-

929 2415 1097 2490 liter
1148 2415 1410 2511 poterit
1462 2439 1544 2490 sc
1599 2415 1692 2488 ab
1749 2413 2087 2487 Ecclesia
2140 2413 2560 2500 absentare,
2618 2419 2690 2486 et
2742 2411 3205 2485 nihilominus
3262 2411 3627 2508 particeps
3674 2409 3832 2484 fieri

931 2537 1242 2610 omnium
1299 2536 1831 2626 obventionum,
1889 2541 2161 2610 attento
2215 2544 2454 2608 tamen
2508 2534 2923 2608 necessario
2979 2542 3266 2630 punct0,
3324 2535 3481 2608 sive
3551 2533 3831 2629 punctis

929 2659 1268 2732 insinuati
1325 2681 1545 2754 supra
1599 2657 2024 2730 recentioris
2080 2654 2379 2748 Statuti,
2438 2679 2529 2730 ne
2585 2656 2913 2752 pluribus
2966 2657 3201 2746 simul,
3260 2679 3473 2751 quam
3530 2655 3827 2747 duobus,

928 2781 1021 2854 ad
1079 2803 1426 2854 summum
1501 2779 1751 2868 tribuS‚
1829 2779 2182 2853 eiusmodi
2254 2777 2626 2851 absentiae
2693 2779 3001 2852 facultas
3056 2778 3514 2871 concedatur,
3572 2803 3657 2851 ac
3705 2801 3828 2850 ex·

857 2917 868 2925 ·
931 2902 1161 2998 ceptis
1214 2901 1770 2976 solemnioribus
1841 2901 2091 2975 festis:
2168 2900 2608 2992 Nativitatis,
2681 2899 3303 2994 Resurrectionis,
3359 2899 3827 2974 Pentecostes

931 3031 1004 3096 et
1055 3020 1542 3098 sacratissimi
1613 3022 1963 3118 Corporis
2030 3021 2302 3096 Christi
2358 3045 2517 3095 cnm
2575 3021 2878 3112 Octava,
2936 3021 3294 3120 Capitulis
3346 3021 3828 3115 generalibus,

930 3151 1144 3240 atque
1199 3145 1332 3218 sub
1387 3145 1640 3239 vigore
1694 3153 1766 3220 et
1820 3144 2251 3219 authoritate
2324 3167 2724 3219 consensus
2798 3143 3284 3219 Illustrissimi
3338 3151 3409 3217 et
3462 3143 3821 3217 Reveren-

930 3264 1209 3339 dissimi
1261 3267 1556 3340 Domini
1611 3269 1721 3341 sui
1759 3269 1940 3342 Loci
1979 3266 2386 3361 Ordinarii3
2445 3274 2655 3363 prout
2708 3267 3167 3359 constituunt,
3227 3266 3691 3355 concludunt,
3746 3289 3827 3339 ac

929 3396 1188 3461 extunc
1243 3396 1314 3461 et
1367 3412 1648 3463 exnunc
1715 3390 1958 3463 valere
2016 3388 2280 3462 debere
2353 3396 2425 3461 ct
2477 3389 2621 3461 vim
2676 3389 3036 3484 roburque
3093 3396 3512 3486 perpetuum
3568 3386 3826 3461 Statnti

927 3510 1220 3601 habere,
1279 3510 1653 3586 declarant
1705 3520 1779 3585 et
1831 3510 2176 3585 definiunt
2245 3509 2513 3608 placito
2586 3512 2991 3607 praesentis
3066 3511 3181 3586 sui
3250 3510 3621 3603 generalis
3693 3508 3824 3583 Ca-

928 3632 1158 3728 pituli.

1144 3754 1504 3828 Praesens
1558 3752 1910 3829 Statutum
1969 3753 2431 3828 Venerabilis
2485 3753 2800 3851 Capituli
2856 3754 3391 3849 confirmamus3
3450 3753 3658 3828 salva
3706 3776 3825 3849 ap·

929 3876 1350 3974 probatione
1423 3875 1541 3949 vel
1595 3875 2083 3949 moderatione
2140 3875 2295 3950 eius
2350 3876 2544 3949 circa
2596 3876 3009 3969 generalem
3064 3875 3599 3950 Visitationem.
3658 3874 3825 3948 Cra-

927 3999 1178 4072 coviae
1235 3996 1352 4069 die
1408 3994 1454 4069 7
1513 3996 1716 4071 Junii
1777 3995 1998 4071 1726.
2178 4008 2183 4015 ’

1744 4116 2263 4193 Constantinus
2317 4115 2773 4192 Szaniawski
2826 4118 3239 4217 Episcopus
3295 4117 3822 4193 Cracoviensis.

2099 4428 2639 4531 CCLXVIII.

811 4712 822 4719 .
927 4640 1033 4720 Ne
1089 4624 1690 4740 praetendantur
1762 4638 2319 4722 defalcationes
2394 4658 2485 4720 ex
2541 4638 2851 4720 casibus
2923 4638 3266 4721 fortuitis
3340 4658 3479 4741 per
3534 4638 3825 4721 Periiiu-

1031 4764 1250 4843 stres
1307 4765 1389 4844 et
1443 4761 2140 4844 Reverendissimos
2197 4762 2540 4842 nominos
2597 4759 3073 4860 capitulares
3128 4763 3495 4842 tenentes
3532 4760 3729 4842 bona
3801 4808 3807 4813 -

1159 4883 1324 4965 sive
1375 4883 1822 4985 capitularia
1876 4883 2039 4964 sive
2095 4882 2626 4980 fundationum,
2686 4884 3087 4964 Decretum
3144 4881 3353 4964 Anno
3410 4882 3589 4963 1727

1958 5005 2203 5085 Lunae
2261 5005 2332 5085 17
2389 5004 2787 5086 Februarii.

1132 5216 1662 5291 Concluserunt
1734 5216 2199 5290 Perillustres
2254 5225 2325 5290 et
2376 5215 2994 5291 Reverendissimi
3060 5216 3357 5291 Domini
3410 5214 3823 5313 Capitulum

924 5336 1362 5415 Cathedrale
1435 5336 1950 5433 Craeoviense,
2025 5338 2703 5436 conclusionemque
2768 5337 3122 5413 eiusmodi
3174 5361 3307 5436 pro
3360 5335 3643 5414 Statuto
3698 5340 3823 5415 ob-
