4055 6364
2141 760 2652 842 -94-

1134 970 1407 1047 Lectae
1444 979 1515 1047 et
1550 973 1957 1069 publicatae
1998 974 2286 1050 fuerunt
2337 974 2878 1072 suprascriptae
2931 974 3183 1051 literae
3223 972 3496 1049 Romae
3531 974 3606 1049 in
3645 974 3862 1051 Can·

928 1094 1225 1169 cellaria
1277 1093 1744 1193 Apostolica,
1801 1093 2019 1171 Anno
2071 1096 2602 1173 Incarnationis
2653 1096 3083 1172 Dominicae
3150 1094 3388 1189 1564,
3461 1094 3604 1171 Die
3659 1120 3859 1173 vero

929 1214 1281 1291 Sabbathi
1334 1217 1547 1291 Nona
1600 1216 1881 1293 Mensis
1936 1218 2403 1310 Decembris,
2458 1218 2934 1295 Pontificatus
2988 1216 3441 1293 Sanctissimi
3493 1220 3566 1293 in
3623 1217 3854 1295 Chri-

929 1345 1041 1412 sto
1093 1337 1336 1413 Patris
1385 1348 1457 1413 et
1489 1340 1789 1415 Domini
1840 1340 2087 1415 Nostri
2139 1340 2434 1415 Domini
2489 1339 2604 1415 Pii
2658 1340 2904 1437 Papae
2959 1339 3217 1433 Quarti
3271 1338 3482 1415 Anno
3537 1339 3851 1435 Quinto·

926 1457 1018 1534 A.
1075 1460 1531 1537 Lomellinus
1584 1460 1875 1538 Custos,

2247 1668 2512 1772 CXII.

930 1861 1022 1944 nt
1060 1861 1469 1961 capitutum
1505 1861 1739 1945 Feriis
1782 1863 2057 1965 quintia
2093 1864 2434 1964 tempore
2477 1862 3119 1964 ssuadraflesimae
3156 1864 3319 1945 flat.
3358 1863 3566 1946 Anno
3607 1865 3846 1946 nomi-

929 1983 997 2063 ni
1036 1981 1414 2066 millesimo
1475 1982 2077 2085 nuinuentesimo
2116 1983 2604 2086 sexagesimo
2643 1987 2914 2087 quinto.
2962 1985 3089 2069 Die
3128 1986 3206 2068 15
3245 1986 3526 2068 mensis
3565 1986 3842 2068 Martii.

1143 2192 1557 2269 Reverendi
1610 2195 1904 2269 Domini
1968 2195 2622 2271 animadvertentes
2695 2219 3166 2291 congressum
3221 2220 3426 2271 suum
3483 2197 3841 2294 capitula-

932 2339 1084 2391 rem
1142 2324 1216 2390 et
1267 2324 1617 2392 tractatus
1669 2320 2123 2412 negotiorum
2189 2320 2754 2413 occurrentium,
2830 2320 2954 2415 qui
3007 2319 3318 2412 singulis
3374 2318 3632 2395 diebus
3681 2318 3839 2395 Ve-

928 2439 1125 2512 neris
1181 2463 1272 2512 ex
1324 2440 1620 2535 antiqua
1690 2440 2208 2515 consuetudine
2276 2440 2436 2515 fieri
2489 2439 2762 2533 solent,
2838 2441 3426 2537 processionibus
3480 2450 3552 2515 et
3602 2440 3842 2517 Verbi

926 2558 1147 2633 divini
1224 2562 1694 2637 concionibus
1759 2586 1891 2659 per
1943 2571 2226 2660 tempus
2281 2562 2500 2638 totius
2555 2561 3176 2657 Quadi-agesimae
3247 2562 3502 2636 haberi
3569 2564 3837 2657 solitis,

925 2682 1307 2779 plurimum
1362 2683 1735 2781 impediri,
1794 2684 1983 2761 unde
2039 2687 2368 2760 volentes
2421 2693 2492 2759 et
2544 2686 2840 2780 negotia
2891 2685 3341 2761 occurrentia
3394 2685 3528 2759 rite
3581 2694 3654 2759 et
3707 2685 3836 2760 de-

935 2804 1087 2879 bita
1140 2803 1658 2881 deliberatione
1729 2808 2108 2906 expedire,
2167 2817 2238 2882 et
2291 2808 2712 2882 scandalum
2767 2830 3016 2901 omne,
3075 2807 3141 2881 si
3195 2805 3386 2902 quod
3437 2808 3685 2881 forsan
3739 2831 3839 2882 ex

925 2927 1255 3001 absentia
1332 2929 1652 3025 ipsorum
1726 2954 1769 3003 a
1840 2932 2312 3006 concionibus
2393 2939 2466 3005 et
2541 2930 3134 3027 processionibus
3225 2930 3578 3003 eiusmodi
3660 2930 3838 3004 oriri

923 3056 1195 3145 posset,
1254 3051 1567 3145 evitare,
1627 3054 2211 3128 consuetudinem
2269 3054 2494 3147 hanc,
2568 3052 2807 3148 quoad
2863 3063 3144 3149 tempus
3200 3050 3836 3147 Quadragesimae

934 3168 1281 3246 duntaxat
1332 3172 1865 3268 immutandam,
1924 3200 2540 3273 congressumque
2595 3184 2910 3252 mutuum
2965 3182 3037 3252 et
3072 3174 3634 3252 celebrationem
3688 3172 3833 3250 Ca-

931 3291 1314 3388 pitulorum
1390 3295 1479 3370 de
1547 3297 1789 3372 Feriis
1860 3301 2088 3374 sextis
2141 3301 2214 3373 in
2268 3300 2528 3373 Ferias
2599 3300 2887 3395 quintas
2957 3299 3417 3396 anticipando
3489 3299 3834 3374 decreve-

926 3423 1095 3490 runt
1148 3426 1221 3490 et
1273 3419 1867 3516 anticipaverunt,
1923 3429 2092 3496 actu
2147 3431 2219 3496 ct
2269 3422 2588 3496 Decreto
2642 3421 3006 3521 praesenti
3064 3421 3441 3496 mediante.

2224 3732 2534 3834 CXIII.

927 3934 1031 4016 ne
1085 3936 1291 4020 taxis
1361 3940 1751 4040 praesenti
1815 3958 2003 4022 aere
2072 3940 2474 4024 solvendis.
2548 3940 2755 4026 Anno
2826 3940 3094 4025 Domini
3166 3941 3542 4024 millesimo
3616 3940 3830 4027 nuin-

1025 4060 1444 4159 flentesimo
1500 4059 1993 4163 sexagesimo
2051 4064 2322 4165 quinto,
2383 4081 2516 4165 pro
2567 4063 2785 4149 festo
2840 4061 2917 4146 8.
2974 4063 3334 4145 stanislai
3392 4063 3457 4144 in
3515 4063 3728 4144 maio.

1134 4269 1485 4360 Quamvis
1540 4269 1817 4348 Statuto
1875 4274 2101 4348 veteri
2157 4281 2441 4349 cautum
2497 4283 2568 4348 et
2621 4275 2990 4376 provisum
3044 4275 3140 4349 sit
3193 4273 3283 4347 de
3337 4273 3526 4348 taxis
3579 4272 3825 4348 domo-

924 4415 1080 4468 rum
1133 4401 1538 4468 nostrarum
1592 4395 2094 4491 capitularium
2159 4396 2563 4489 solvendis,
2633 4397 2801 4494 quia
2856 4404 3092 4470 tamen
3147 4395 3592 4494 experientia
3642 4395 3827 4470 didi-

925 4515 1174 4608 cimus,
1230 4523 1607 4611 praetextu
1645 4516 1997 4592 eiusmodi
2053 4514 2317 4592 Statuti
2370 4517 2632 4594 multas
2679 4527 2887 4594 taxas
2942 4518 3272 4616 periisse,
3329 4518 3828 4614 mansisseque

922 4635 1298 4728 insolutae,
1358 4638 1713 4735 siquidem
1749 4648 1821 4714 et
1858 4640 1933 4712 in
1968 4639 2110 4714 hoc
2161 4642 2489 4736 generali
2542 4640 2883 4739 Capitulo
2939 4649 3380 4737 compertum
3432 4649 3563 4733 est,
3621 4637 3823 4714 Sum·

922 4782 1111 4832 mam
1174 4759 1460 4834 illarum
1532 4761 2005 4838 insolutarum
2074 4763 2366 4838 Marcas
2437 4763 2840 4840 Trecentas
2913 4761 3452 4858 Quinquaginta
3521 4762 3826 4859 pecunia

924 4879 1314 4975 excedere,
1374 4881 1887 4959 decedentibus
1942 4883 2284 4959 videlicet
2337 4909 2428 4960 ex
2479 4886 2618 4961 hac
2672 4886 2860 4978 vita,
2929 4886 3050 4959 vel
3105 4885 3318 4958 etiam
3374 4884 3466 4959 ad
3519 4884 3821 4982 Episco-

776 5079 785 5086 ,
921 5011 1133 5100 patus
1186 5004 1537 5101 promotis
1587 5005 1969 5081 Fratribus
2022 5008 2333 5099 nostris,
2403 5007 2658 5082 domos
2713 5015 3000 5082 nostras
3064 5007 3502 5104 capitulares
3554 5005 3819 5080 haben-

920 5126 1157 5221 tibus;
1231 5133 1605 5221 praeterea
1658 5151 1832 5203 vero
1888 5128 2167 5226 experti
2223 5151 2506 5226 quoque
2561 5153 2843 5223 sumus,
2912 5129 3298 5227 plerosque
3353 5129 3818 5204 Dominorum

922 5245 1014 5322 de
1065 5249 1343 5342 gremio
1417 5255 1664 5324 nostro
1730 5250 1805 5324 in
1872 5250 2066 5325 Aula
2134 5252 2413 5348 Regiae
2490 5253 2898 5326 Maiestatis
2970 5251 3471 5345 servientium,
3544 5251 3820 5348 quoties

922 5370 1490 5450 admonebantur
1526 5370 1616 5450 de
1646 5371 2021 5452 solvendis
2059 5373 2326 5452 talibus
2361 5374 2573 5468 taxis,
2615 5373 2708 5448 ad
2744 5372 3053 5469 Regiam
3089 5372 3565 5467 Maiestatem,
3605 5372 3816 5446 alios-
