4055 6364
1353 759 1922 838 —165—

194 970 509 1047 eiusdem
583 970 761 1067 diei,
837 978 1057 1068 quota
1099 995 1219 1045 ex
1273 970 1765 1047 consolatione
1830 972 2073 1046 fienda
2139 973 2374 1070 ipsum
2446 996 2920 1067 concernens,
2992 974 3086 1047 ad

193 1119 488 1192 eumque
543 1101 922 1192 spectans,
997 1095 1279 1189 ademi,
1344 1093 1690 1168 defalcari
1745 1100 1815 1168 et
1865 1094 2053 1169 inter
2106 1103 2432 1170 essentes
2488 1095 2716 1171 dividi
2768 1095 3083 1190 debebit,

196 1217 518 1314 exceptis
578 1216 878 1292 infirmis
935 1225 1008 1292 et
1059 1216 1152 1292 ad
1207 1218 1500 1311 negotia
1550 1216 1934 1291 Ecclesiae
1988 1223 2061 1290 et
2114 1214 2431 1314 Capituli
2487 1217 2884 1315 deputatis,
2962 1218 3087 1314 qui

191 1361 318 1436 pro
375 1340 880 1436 praesentibus
933 1348 1007 1414 et
1055 1339 1654 1415 interessentibus
1706 1339 2178 1414 habebuntur.
2270 1339 2342 1414 N
2346 1338 2673 1416 oluerunt
2725 1339 3081 1414 nihilomi-

193 1484 326 1536 nus
399 1462 705 1559 praefati
773 1461 1189 1538 Reverendi
1257 1462 1554 1538 Domini
1625 1462 1814 1536 viam
1881 1463 2022 1537 sibi
2094 1485 2225 1560 per
2276 1486 2627 1560 praesens
2696 1464 3086 1536 Decretum

193 1583 698 1682 praecludere,
756 1586 1134 1681 quominus
1186 1585 1404 1660 alicui
1458 1609 1706 1661 eorum
1759 1609 1850 1660 ex
1904 1609 2123 1660 causa
2180 1586 2407 1676 iusta,
2480 1587 2691 1681 gravi
2746 1592 2819 1660 et
2870 1585 3085 1660 ratio·

193 1706 440 1800 nabili,
495 1729 736 1782 coram
793 1709 946 1783 suis
999 1708 1333 1783 Dominis
1386 1707 1836 1784 Reverendis
1890 1710 2315 1807 exponenti,
2370 1709 2665 1784 licentia
2717 1707 3088 1784 absentiae

193 1830 284 1904 ab
337 1828 692 1905 eiusmodi
744 1829 1022 1906 ratione
1076 1829 1529 1906 concedatur.

1453 2143 1832 2246 CXCIV.

195 2349 656 2452 capitaneus
711 2351 1273 2448 Pabianieensis
1334 2354 1632 2454 aratam
1679 2296 2092 2455 personam
2151 2353 2246 2435 ati
2304 2354 2717 2438 Ecclesiam
2770 2353 2837 2435 in
2889 2352 3092 2450 ozie-

289 2551 297 2557 .
369 2493 654 2570 rzazna
706 2475 1258 2574 praesentabit.
1314 2474 1520 2558 Anno
1579 2475 1794 2558 1603.
1855 2475 1981 2556 Die
2037 2475 2353 2560 sabbati
2411 2475 2492 2558 18
2549 2475 2915 2559 octobris.

401 2682 656 2759 Visum
713 2691 826 2759 est
880 2684 1032 2759 suis
1099 2686 1434 2760 Dominis
1505 2685 1996 2782 Reverendis,
2055 2694 2133 2763 ut
2182 2687 2363 2762 haec
2419 2687 2745 2762 clausula
2797 2685 2871 2761 in
2927 2708 3092 2761 con-

193 2814 427 2882 tractu
478 2805 793 2881 arendae
855 2808 1204 2882 bonorum
1267 2808 1895 2884 Pabianicensium
1953 2805 2335 2884 Generoso
2397 2809 2714 2884 Domino
2770 2806 3093 2882 Christo-

191 2929 426 3026 phoro
481 2927 855 3004 Sutowski
906 2928 1304 3028 Capitaneo
1359 2930 1869 3006 Pabianicensi
1912 2932 1986 3005 in
2037 2955 2267 3008 annos
2305 2938 2689 3026 sequentes
2730 2929 3090 3024 faciendO,

193 3058 638 3150 apponatur:
696 3051 886 3147 quod
939 3053 1317 3128 vacatione
1373 3061 1758 3128 occurente
1809 3052 2193 3128 Ecclesiae
2255 3052 2698 3152 parochialis
2749 3053 2825 3126 in
2880 3051 3095 3125 Dzie-

195 3198 469 3267 rzazna
529 3198 662 3249 sua
725 3195 1150 3271 quocunque
1219 3174 1472 3271 mode,
1550 3199 1706 3250 eam
1760 3199 2145 3273 personam
2200 3176 2294 3251 ad
2348 3175 2612 3251 dictam
2684 3173 3095 3249 Ecclesiam

195 3296 384 3373 Loci
445 3296 832 3373 Ordinatio
888 3322 1017 3374 seu
1068 3300 1266 3375 illius
1317 3300 1393 3373 in
1449 3296 1958 3398 Spiritualibus
2011 3296 2310 3375 Vicario
2366 3306 2437 3373 et
2492 3296 2813 3373 Officiali
2876 3320 3097 3391 gene-

195 3418 336 3496 r'ali
392 3417 863 3496 cracoviensi
913 3422 1419 3497 instituendam
1473 3422 2002 3519 praesentabit,
2062 3445 2246 3518 quae
2296 3421 2483 3519 ipsis
2533 3444 2580 3493 a
2633 3420 2785 3495 suis
2840 3418 3096 3495 Domi-

197 3543 314 3617 nis
371 3542 816 3619 Reverendis
871 3552 942 3619 et
993 3544 1493 3620 commendata
1544 3551 1616 3619 et
1666 3544 2032 3621 nominata
2082 3544 2319 3619 fuerit.

1487 3856 1822 3960 cxcv,
1961 3819 1964 3823 ’

203 4063 608 4146 Decretum
665 4063 760 4147 tie
815 4065 1083 4166 gratiis
1140 4065 1623 4150 conferendis
1673 4065 1769 4151 ad
1814 4065 2403 4168 quam-inuentos
2456 4064 2793 4148 florenos
2841 4083 2930 4147 se
2981 4046 3102 4145 ex-

546 4185 1029 4270 tendentibus
1085 4188 1476 4277 cassatur.
1534 4188 1741 4271 Αηηο
1799 4187 2019 4270 1604.
2078 4187 2205 4269 nie
2261 4189 2314 4270 3
2371 4187 2771 4269 Februarii.

412 4398 805 4471 Decretum
858 4398 948 4472 de
999 4398 1258 4493 gratiis
1328 4422 1460 4496 per
1520 4398 2197 4475 Reverendissimos
2266 4398 2623 4475 Dominos
2692 4398 3106 4497 Episcopos

200 4518 738 4597 Cracovienses
807 4517 1258 4595 Reverendis
1329 4522 1665 4597 Dominis
1727 4520 2086 4598 Praelatis
2141 4528 2212 4596 et
2265 4519 2657 4597 Canonicis
2727 4520 3105 4596 Ecclesiae

201 4642 646 4718 cathedralis
692 4639 1204 4717 Oracoviensis
1256 4642 1348 4716 ad
1399 4643 1743 4718 maiorem
1788 4667 2157 4739 summam,
2212 4651 2501 4742 praeter
2551 4666 2765 4740 quam
2800 4644 2892 4718 ad
2929 4666 3104 4739 qua·

201 4764 633 4859 dringentos
676 4764 992 4840 florenos
1030 4766 1379 4862 pecuniae
1433 4767 1711 4841 numeri
1749 4774 1822 4842 et
1855 4772 2185 4842 monetae
2241 4765 2691 4864 polonicalis‚
2748 4787 2889 4838 non
2935 4788 3107 4839 con-

197 4886 532 4976 ferendo,
587 4886 802 4961 Anno
851 4886 1242 4964 Millesimo
1281 4888 1876 4984 Quingentesimo
1933 4888 2471 4985 octuagesimo,
2526 4887 2642 4963 die
2682 4884 2725 4961 3
2767 4886 3110 4963 Octobris

199 5012 278 5085 in
353 5009 684 5105 generali
756 5008 1092 5108 Capitulo
1162 5034 1296 5109 pro
1368 5012 1558 5087 festo
1613 5008 1688 5085 S.
1744 5011 2132 5086 Michaelis
2202 5010 2650 5106 Archangeli
2718 5010 3106 5103 celebrato,

201 5135 506 5227 factum,
559 5132 973 5207 Reverendi
1025 5134 1320 5209 Domini
1373 5133 1692 5209 Praelati
1745 5142 1819 5210 et
1871 5133 2222 5210 Canonici
2257 5135 2332 5208 in
2370 5134 2733 5231 praesenti
2785 5130 3111 5228 generali

206 5255 558 5356 Capitale
611 5257 1064 5350 congregati,
1140 5257 1564 5354 praemissis
1618 5258 1884 5333 mutuis
1935 5282 2024 5332 ac
2077 5256 2374 5332 maturis
2445 5254 3107 5349 deliberationibus,

205 5377 717 5473 attendentes,
782 5379 973 5475 quod
1023 5380 1098 5453 in
1154 5401 1242 5453 eo
1295 5380 1612 5455 charitas
1662 5381 1980 5455 fraterna
2036 5386 2109 5455 et
2160 5381 2667 5478 praerogativa
2737 5376 3107 5453 Praelato-
