4055 6364
2105 756 2626 836 ..¹70-

914 972 1381 1067 Izdbienski,
1465 970 1865 1049 Melchiore
1940 968 2324 1066 Schobek,
2407 968 2774 1047 Stanislao
2845 967 3373 1066 Szlomowski,
3455 966 3828 1044 Stanislao

911 1093 1513 1188 Przeborowski‚
1585 1094 1818 1170 Panlo
1873 1091 2362 1187 Crassowski,
2420 1090 2748 1188 Georgio
2804 1092 3269 1192 Myskowski
3289 1149 3306 1182 ,
3381 1092 3680 1167 Andrea
3735 1092 3826 1167 de

914 1216 1359 1311 Valentinis,
1444 1216 1742 1293 Andrea
1812 1215 2390 1313 Zebrzydowski
2463 1215 2821 1291 Praelatis
2895 1223 2967 1290 et
3035 1214 3468 1309 CanoniciS,
3519 1214 3824 1291 dictum

913 1336 1290 1435 Statutum,
1348 1340 1563 1415 tactis
1613 1336 2114 1415 sacrosanctis
2154 1336 2484 1436 Scriptis,
2543 1339 2905 1435 corporali
2956 1338 3355 1413 iuramento
3407 1337 3548 1412 hoc
3580 1339 3826 1436 ipsum

913 1457 1267 1534 Statutum
1306 1461 1896 1558 approbantibus.
1956 1460 2226 1550 Quinta
2277 1461 2556 1536 Mensis
2607 1460 3013 1554 Februarii,
3045 1458 3288 1535 ¹Anno
3323 1461 3618 1536 Domini
3653 1461 3823 1535 Mil-

910 1582 1167 1657 leaimo
1224 1582 1823 1676 Quingentesimo
1876 1582 2285 1657 Tricesimo
2340 1583 2684 1658 secundo.

2090 1892 2600 1995 LXXXIV.

1086 2107 1191 2189 De
1246 2104 1881 2191 concurrentibus
1936 2122 2101 2189 curn
2157 2103 2399 2186 literis
2453 2103 2893 2207 apostoucis
2948 2102 3045 2187 ad
3101 2103 3632 2207 receptionem.

1118 2316 1799 2392 Reverendissimus
1852 2316 1927 2390 in
1983 2313 2276 2389 Christo
2337 2313 2557 2389 Pater
2609 2321 2683 2389 et
2733 2315 3090 2389 Dominus
3145 2314 3502 2390 Dominus
3553 2314 3820 2391 Petrus

912 2442 1002 2516 de
1077 2439 1445 2515 Gamratis
1516 2439 1661 2512 Dei
1730 2438 1967 2532 gratia
2040 2436 2453 2535 Episcopus
2525 2435 3080 2531 Oracoviensis,
3155 2437 3248 2512 de
3320 2439 3686 2513 voluntate
3749 2446 3822 2513 et

912 2586 1270 2638 consensu
1324 2561 1866 2637 Venerabilium
1920 2560 2391 2635 Dominorum
2447 2558 2944 2635 Praelatorum
2983 2567 3054 2633 et
3089 2558 3616 2636 Canonicorum
3672 2562 3815 2635 Ec·

912 2685 1177 2759 clesiae
1233 2706 1408 2759 suae
1464 2681 1923 2757 Cathedralis
1978 2679 2513 2774 cracoviensis,
2569 2682 2642 2755 in
2680 2681 2820 2755 hoc
2873 2682 3198 2776 generali
3251 2680 3591 2780 Capitulo
3646 2705 3814 2757 con-

909 2815 1395 2902 gregatorum,
1453 2828 1541 2878 ac
1577 2804 1670 2878 ad
1710 2826 1954 2877 eorum
2009 2803 2420 2877 instantiam
2469 2812 2540 2877 et
2579 2804 2992 2900 petitionem
3047 2804 3489 2898 diligentem,
3545 2807 3812 2899 statuit,

912 2930 1230 3005 decrevit
1281 2935 1353 3003 et
1388 2926 1691 3019 ordinat,
1749 2924 2249 3001 consuetudini
2303 2926 2530 2999 veteri
2584 2926 2997 3000 rationabili
3049 2934 3122 3000 et
3164 2926 3534 3021 laudabili,
3593 2952 3638 3001 a
3675 2952 3816 3025 qua

908 3053 1255 3127 hactenus
1308 3050 1715 3147 aliqualiter
1784 3070 2151 3125 recessum
2209 3056 2278 3122 et
2333 3047 2693 3122 deviatum
2765 3056 2918 3141 est,
2983 3048 3281 3123 firmiter
3349 3048 3812 3144 inhaerendO,

909 3184 989 3252 ut
1042 3175 1133 3249 ad
1188 3174 1603 3269 Dignitates
1625 3231 1642 3266 ,
1715 3170 2180 3247 Praelaturas
2203 3227 2220 3260 ,
2293 3168 2780 3245 Canonicatus
2835 3178 2907 3245 et
2961 3170 3426 3246 Praebendas
3493 3172 3810 3248 eiusdem

907 3295 1289 3372 Ecclesiae
1341 3319 1475 3394 pro
1511 3304 1833 3392 tempore
1883 3301 2253 3388 vacanteS,
2311 3294 2629 3390 receptio
2669 3301 2740 3367 et
2773 3293 3168 3368 installatio
3205 3317 3552 3370 novorum
3591 3296 3810 3372 Prae-

910 3421 1216 3494 latorum
1270 3425 1343 3492 et
1396 3416 1919 3492 Canonicorum
1994 3439 2138 3492 non
2189 3415 2352 3509 fiat,
2427 3416 2569 3490 nisi
2621 3423 2787 3514 post
2841 3417 3278 3512 sepulturam
3346 3426 3418 3491 et
3469 3419 3815 3515 exequias

912 3550 1243 3639 peractas
1296 3540 1615 3614 Praelati
1668 3539 1787 3612 vel
1839 3538 2192 3616 Canonici
2245 3537 2582 3613 defuncti.
2643 3537 2876 3628 Quam
2932 3540 3371 3637 sepulturam
3429 3563 3593 3613 cum
3647 3563 3808 3615 exc·

912 3664 1101 3761 quiis
1164 3663 1394 3738 voluit
1458 3663 1616 3736 fieri
1667 3663 1741 3736 in
1797 3661 2108 3758 quinque
2181 3659 2438 3735 diebus
2491 3686 2536 3735 a
2589 3659 2708 3735 die
2763 3662 3014 3736 mortis
3079 3662 3400 3737 Praelati
3453 3670 3526 3737 et
3577 3662 3810 3737 Oano-

910 3789 1057 3862 nici
1111 3785 1465 3878 defuncti,
1541 3783 1731 3858 diem
1784 3791 2023 3858 tamen
2079 3783 2328 3858 mortis
2380 3784 2455 3856 in
2509 3784 2672 3858 istis
2727 3783 3038 3880 quinque
3111 3783 3368 3860 diebus
3421 3807 3566 3860 non
3621 3807 3808 3860 com-

911 3908 1251 4008 putando.

1117 4028 1331 4120 Quod
1386 4029 1452 4103 si
1504 4029 1873 4124 sepultura
1928 4028 2247 4104 defuncti
2299 4026 2618 4103 Praelati
2669 4028 2788 4103 vel
2843 4028 3193 4104 Canonici
3253 4031 3444 4103 infra
3496 4031 3808 4127 quinque

912 4153 1090 4247 dies,
1146 4159 1225 4227 ut
1277 4151 1787 4248 praemittitur,
1854 4151 2098 4247 aliquo
2153 4172 2327 4225 casu
2381 4150 2672 4224 fortuito
2725 4150 2843 4224 vel
2897 4151 3405 4247 impedimento
3457 4151 3618 4226 fieri
3671 4174 3810 4226 non

912 4281 1182 4372 posset,
1236 4273 1543 4348 liberum
1597 4272 1731 4346 erit
1782 4272 2013 4369 lapsis
2069 4273 2381 4370 quinque
2437 4272 2730 4368 diebus,
2789 4272 3184 4370 praedictis
3237 4273 3578 4372 Capitulo
3633 4273 3808 4350 Ora·

912 4395 1233 4470 coviensi
1287 4393 1678 4492 procedere
1733 4393 1826 4468 ad
1881 4395 2364 4492 receptionem
2421 4403 2494 4469 et
2543 4395 3102 4470 installationem
3157 4398 3327 4472 novi
3377 4396 3698 4472 Praelati
3745 4401 3812 4470 et

913 4517 1261 4593 Canonici
1316 4516 1527 4592 modo
1582 4524 1816 4590 tamen
1874 4525 1945 4591 et
1997 4517 2250 4594 ordine
2301 4519 2491 4592 infra
2545 4520 2835 4618 scripto.
3143 4509 3150 4520 ’

1117 4639 1458 4737 Inprimis
1510 4662 1839 4735 namque,
1897 4639 2414 4716 Procuratores
2467 4642 2585 4717 vel
2637 4642 2819 4716 alter
2871 4665 3150 4736 corum,
3209 4664 3338 4717 seu
3392 4639 3579 4715 Vice
3632 4639 3808 4715 Pro-

912 4769 1236 4855 curator,
1294 4759 1385 4835 de
1440 4761 1774 4835 mandato
1828 4761 2112 4837 Decani
2165 4763 2283 4836 vel
2338 4761 2660 4838 Senioris
2715 4763 3031 4838 Praelati
3089 4764 3222 4839 sub
3277 4764 3608 4838 absentia
3659 4765 3806 4836 De-

912 4885 1095 4978 cani,
1152 4891 1433 4959 tenetur
1467 4884 1560 4958 ad
1600 4884 1884 4980 pulsum
1938 4907 2334 4982 campanae
2389 4908 2788 4960 convocare
2846 4886 3240 4961 solenniter
3291 4908 3543 4960 omnes
3589 4885 3806 4960 Prae-

910 5008 1099 5082 latos
1152 5015 1225 5080 et
1269 5005 1680 5081 Canonicos
1731 5015 2158 5103 praesentes
2212 5015 2285 5081 et
2339 5005 2735 5083 Cracoviae
2789 5009 3212 5103 residentes,
3269 5007 3362 5082 ad
3400 5007 3808 5106 Capitulum

912 5137 983 5206 et
1034 5129 1281 5204 horam
1338 5137 1410 5203 et
1460 5130 1664 5204 locos
1718 5138 2142 5223 consuetos,
2201 5154 2363 5205 cum
2417 5132 2892 5227 expressione
2946 5153 3211 5206 causae
3265 5152 3398 5227 per
3449 5130 3806 5220 nuncium,

912 5252 1031 5324 vel
1101 5251 1468 5345 cedulam,
1541 5258 1619 5326 ut
1680 5253 2112 5326 conveniant
2180 5252 2272 5325 ad
2349 5254 2832 5350 receptionem
2890 5260 2962 5327 et
3011 5251 3572 5328 installationem
3643 5249 3811 5324 novi

912 5373 1231 5458 Praelati
1282 5374 1401 5458 vel
1454 5371 1806 5460 Canonici
1858 5373 1953 5448 ad
2006 5375 2455 5480 Dignitatem
2509 5377 2629 5460 vel
2681 5374 3154 5460 Praebendae
3207 5381 3606 5456 vacantem.
