4055 6364
2080 739 2639 814 -220—

905 948 1042 1022 ctis
1109 943 1438 1048 (quorum
1511 947 1891 1045 dispositio
1961 947 2161 1022 iuxta
2233 944 2515 1023 Statuta
2595 953 2667 1021 et
2726 947 2935 1042 leges
3010 953 3299 1020 nostras
3370 946 3845 1044 capitulares

905 1069 998 1144 ad
1053 1069 1211 1144 Nos
1266 1067 1702 1171 devolvitur)
1753 1069 2116 1168 duplicata
2186 1077 2443 1166 quota,
2498 1069 2575 1143 id
2630 1077 2742 1143 est
2796 1069 3287 1143 Ducentorum
3341 1067 3837 1161 florenorum,

905 1191 996 1265 ad
1053 1189 1378 1266 Massam
1433 1191 1828 1288 praefatam
1869 1191 2334 1284 exsolvenda,
2393 1191 2495 1265 uti
2529 1191 2621 1264 ad
2662 1213 2845 1288 opus
2882 1189 3321 1264 meritorium
3376 1188 3839 1265 decernitur.

907 1312 1115 1402 Quae
1167 1312 1418 1387 Massa
1452 1314 1525 1386 in
1565 1313 1890 1388 seorsivo
1929 1313 2246 1387 Archivo
2286 1313 2804 1406 conservanda,
2861 1321 2935 1386 et
2987 1334 3128 1385 non
3185 1312 3326 1384 nisi
3377 1312 3454 1385 in
3492 1320 3843 1386 extrema

908 1433 1337 1509 necessitate
1419 1434 1794 1508 Ecclesiae
1875 1434 2089 1509 huius
2170 1435 2497 1532 praecise
2568 1444 2639 1509 et
2708 1435 3056 1509 bonorum
3139 1433 3443 1507 Mensae
3526 1442 3843 1508 nostrae

907 1555 1328 1652 capitularis
1401 1556 1906 1644 convertenda,
1975 1555 2269 1654 praevio
2342 1579 2649 1630 assensu
2705 1564 2776 1630 et
2836 1557 3155 1630 Decreto
3210 1555 3437 1629 solius
3495 1554 3843 1653 Capituli

907 1677 1136 1752 nostri
1201 1677 1608 1772 generalis:
1685 1686 1757 1751 et
1823 1678 2035 1751 huius
2104 1676 2401 1750 Massae
2470 1678 2659 1750 fixae
2733 1678 3054 1772 quolibet
3108 1699 3295 1750 anno
3348 1675 3520 1750 dum
3575 1677 3837 1750 calcu-

907 1799 1084 1873 latio
1154 1798 1521 1893 generalis
1595 1797 1914 1872 redditur
1984 1821 2117 1895 per
2187 1796 2681 1880 Perillustrem
2770 1806 2841 1873 ct
2890 1797 3607 1874 Reverendissimum
3660 1801 3836 1872 Do-

903 1921 1172 1995 minum
1227 1919 1775 1994 Procuratorem
1831 1920 2149 2016 Capituli
2220 1921 2447 1994 nostri
2516 1944 2647 2018 pro
2702 1930 3046 2018 tempore,
3123 1919 3337 1994 debet
3412 1922 3834 1995 seorsivtuu

907 2049 1310 2134 regestrum
1382 2042 1686 2139 produci
1751 2043 2179 2138 importatae
2252 2053 2515 2138 quotae
2588 2050 2659 2117 et
2732 2067 2863 2140 per
2931 2041 3399 2116 Perillustres
3452 2049 3526 2116 et
3576 2041 3833 2116 Reve-

907 2161 1379 2238 rendissimos
1459 2165 1816 2239 Dominos
1893 2163 2395 2240 Calculatores
2477 2165 2861 2257 subscribi,
2950 2166 3086 2239 sub
3161 2165 3673 2239 ratihabitione
3754 2171 3835 2238 et

909 2283 1430 2382 approbatione
1485 2283 1964 2360 Authoritatis
2021 2283 2475 2360 Ordinariae.

2122 2596 2619 2697 CCLXXII.

1027 2805 1131 2888 ne
1186 2802 1529 2905 augendo
1588 2802 1832 2887 censu
1891 2803 2153 2886 Sancti
2212 2805 2510 2886 Martini
2562 2826 2657 2890 ex
2708 2803 2907 2888 vinis
2964 2802 3703 2907 praestimonianbus

1381 2926 1608 3010 latum
1667 2927 2067 3010 Decretum
2123 2927 2333 3009 Anno
2390 2927 2591 3022 1727,
2653 2927 2765 3010 dic
2822 2928 2931 3008 23
2986 2927 3364 3009 octobris.

1120 3134 1647 3213 Subvenientes
1739 3137 2071 3212 tenuitati
2167 3137 2525 3214 redituum
2606 3137 2911 3227 Mensae
2992 3145 3285 3213 nostrae
3366 3139 3813 3237 capitularis,

914 3260 1272 3336 stantibus
1324 3268 1430 3333 tot
1483 3260 2043 3335 necessitatibus
2098 3269 2169 3335 et
2222 3261 2586 3359 expensis,
2661 3262 2958 3358 praevio
3032 3284 3391 3336 consensu
3455 3263 3687 3338 libero
3740 3272 3816 3339 et

913 3380 1314 3456 voluntario
1371 3381 1893 3456 Perillustrium
1963 3391 2037 3456 et
2088 3381 2875 3457 Reverendissimorum
2934 3384 3401 3457 Dominorum
3460 3384 3816 3459 Villarum

913 3502 1598 3601 praestimonialium
1674 3502 2119 3596 Regcntum,
2194 3505 2430 3598 magis
2504 3507 2863 3578 communi
2934 3506 3146 3593 bonO,
3223 3528 3436 3600 quam
3510 3507 3817 3602 privatis

915 3625 1068 3699 suis
1123 3624 1518 3698 commodis
1569 3623 2110 3717 intendentium,
2167 3625 2525 3700 mediante
2591 3628 2908 3700 unanimi
2963 3649 3269 3701 assensu
3322 3628 3544 3701 totius
3594 3652 3817 3721 gene·

915 3745 1087 3819 ralis
1138 3745 1465 3819 moderni
1517 3746 1745 3820 nostri
1816 3744 2174 3842 Capituli,
2252 3747 2537 3822 Census
2610 3745 2857 3823 Sancti
2912 3748 3209 3823 Martini
3264 3748 3674 3823 ordinarios
3726 3772 3819 3821 ex

915 3866 1136 3942 Villis
1177 3867 1884 3963 praestimonialibus
1912 3870 2442 3965 provenientes,
2502 3876 2921 3967 spectantes
2966 3870 3059 3943 ad
3098 3870 3425 3945 Mensam
3468 3879 3808 3964 nostram,

916 3989 1330 4064 reduximus
1383 3989 1478 4063 ad
1532 3990 1920 4064 secundam
1980 3991 2283 4064 similem
2341 3999 2653 4085 quotam,
2711 4000 3063 4086 quatenus
3118 3991 3465 4089 duplicati
3516 4016 3609 4065 cx
3642 4015 3819 4087 quo-

914 4110 1096 4184 libet
1145 4111 1680 4207 praestimoniO,
1756 4111 1955 4184 nullo
2034 4112 2320 4207 penitus
2396 4120 2723 4209 excepto,
2802 4113 2891 4187 ad
2949 4112 3271 4187 Massam
3333 4112 3639 4187 Mensae
3692 4137 3818 4188 no·

917 4238 1108 4305 strae
1163 4232 1582 4328 capitularis
1651 4256 1784 4328 per
1870 4233 2281 4335 quemlibet·
2324 4233 3033 4309 Reverendissimum
3088 4236 3479 4310 Dominum
3529 4235 3818 4329 Regen-

916 4360 1060 4427 tem
1131 4354 1622 4451 importentur,
1697 4362 1768 4426 et
1824 4378 1952 4451 per
2023 4354 2732 4430 Reverendissimum
2814 4356 3197 4430 Dominum
3274 4356 3817 4431 Procuratorem

918 4497 1052 4572 pro
1105 4482 1425 4573 tempore
1477 4474 1703 4549 nostri
1761 4472 2080 4572 Capituli
2160 4478 2561 4571 exigantur,
2620 4477 2919 4552 Decreti
2952 4464 3381 4575 'praesentis
3434 4479 3712 4573 vigore.
