4055 6364
1429 771 1983 846 -279-

451 975 567 1040 De
616 977 1337 1060 compensatione
1397 977 1998 1042 conditionum
2069 978 2718 1044 melioratarum
2768 979 2840 1044 in
2887 980 3152 1046 Villis

246 1080 315 1144 et
354 1079 459 1144 La
487 1080 631 1162 pid
656 1081 775 1145 eis
823 1081 937 1146 etc.
986 1080 1240 1166 (Statut.
1282 1081 1444 1160 XL).
1494 1081 1631 1144 Hoc
1677 1079 1995 1145 Statutum
2043 1081 2107 1146 et
2143 1101 2408 1165 sequens
2448 1083 2677 1167 (XLl):
2754 1084 2865 1148 De
2911 1085 3091 1149 mod
3116 1105 3152 1152 o

246 1183 779 1266 disponendi
824 1187 1259 1266 pecuniae
1307 1203 1390 1250 ex
1436 1184 2115 1263 anniversariis;
2167 1205 2238 1250 ac
2285 1187 2534 1251 demum
2582 1186 2836 1251 tertium
2887 1187 3147 1271 (XLII):

243 1289 351 1355 De
397 1287 897 1353 rationibus
944 1289 1381 1354 faciendis
1431 1307 1515 1352 ex
1561 1288 2240 1366 anniversariis,
2312 1291 2596 1369 edocent,
2640 1291 2952 1373 quomodo
2995 1293 3148 1357 olim

245 1394 389 1459 ante
438 1392 932 1476 quadringentos
968 1411 1166 1458 annos
1206 1393 1649 1457 Procuratores
1686 1390 1976 1473 Capituli,
2033 1394 2274 1458 mortuo
2316 1393 2660 1472 confratre,
2713 1397 2841 1459 sive
2878 1397 3144 1473 testato,

246 1497 373 1562 sive
419 1497 746 1569 intestato,
800 1495 877 1560 de
915 1495 1048 1560 eius
1098 1496 1409 1560 derelictis
1459 1495 1940 1577 dispositionem
1986 1497 2309 1575 facienteS,
2362 1497 2625 1580 obligati
2672 1500 2870 1578 erant,
2921 1500 3146 1564 solutis

243 1601 474 1666 debitis
522 1603 585 1665 et
630 1599 999 1665 servitorum
1052 1600 1405 1682 stipendiiS,
1455 1598 1763 1682 quidquid
1810 1598 1975 1662 ultra
2023 1601 2377 1679 resultaret,
2429 1601 2788 1665 convertere
2826 1603 2889 1665 in
2928 1602 3150 1667 suffra-

242 1708 414 1790 gium
462 1709 707 1771 animae
776 1705 1075 1784 defuncti,
1143 1707 1207 1771 et
1250 1706 1625 1788 praesertim
1690 1705 1753 1766 in
1800 1703 2233 1768 fundationem
2300 1705 2492 1767 annui
2541 1704 2948 1769 anniversarii
2992 1705 3148 1770 eius.

241 1809 386 1876 Hoc
456 1810 795 1887 succesive,
888 1809 1011 1874 alia
1077 1809 1487 1891 dispositione
1552 1805 1825 1889 Capituli
1888 1809 1950 1870 et
2012 1805 2416 1890 Synodalium
2482 1804 3008 1872 Constitutionum
3077 1811 3153 1874 de

247 1913 678 1980 Testamentis
745 1915 808 1978 et
869 1913 1194 1978 Intestatis
1257 1911 1742 1992 interveniente,
1810 1911 2180 1994 abrogatum
2241 1915 2338 1976 est
2408 1911 2517 1988 ita,
2587 1915 2658 1976 ut
2719 1912 2797 1976 ad
2859 1931 3153 1994 praesens

245 2017 670 2084 anniversaria
736 2017 835 2082 vel
881 2036 992 2100 per
1037 2017 1431 2082 Testatorem
1493 2017 1724 2100 ipsum,
1790 2015 1891 2080 vel
1954 2035 2066 2098 per
2109 2017 2520 2081 Executorem
2566 2015 2953 2082 Testamenti
3019 2017 3153 2082 eius

134 2173 143 2186 .
242 2121 688 2188 instituantur.

460 2313 570 2377 De
618 2312 954 2378 duobus
1019 2311 1607 2395 litigantibus
1657 2310 1740 2375 de
1790 2308 2331 2376 canonicatu
2388 2309 2935 2375 Cracoviensi
2979 2309 3151 2394 (Sta-

242 2416 363 2481 tut.
414 2416 701 2496 XLVH).
753 2416 1018 2482 Ordinat
1061 2414 1179 2479 hoc
1226 2415 1563 2491 Statutum,
1617 2416 1905 2479 neutrum
1954 2434 2169 2479 eorum
2216 2414 2462 2478 admitti
2512 2413 2852 2496 deberessad
2892 2412 3150 2496 Capitu-

242 2520 401 2600 lum,
450 2540 567 2584 nec
602 2519 915 2602 aliquibus
962 2520 1234 2602 gaudere
1284 2519 1694 2600 portionibuS,
1743 2519 1853 2582 lite
1900 2519 2234 2599 pendente,
2286 2517 2403 2580 nisi
2451 2516 2611 2582 forte
2658 2516 2886 2599 aliquis
2933 2537 3152 2582 eorum

246 2624 334 2689 sit
380 2624 695 2706 antiquior
756 2641 1107 2705 possessor,
1175 2625 1237 2687 et
1282 2642 1393 2705 per
1437 2642 1629 2687 unum
1691 2641 1925 2686 annum
1990 2623 2067 2686 ab
2115 2622 2342 2702 adepta
2407 2621 2827 2703 possessione,
2897 2640 2932 2684 a
2979 2621 3151 2686 nullo

242 2727 537 2810 litigante
598 2726 789 2790 fuerit
832 2727 1193 2808 impetitus:
1259 2726 1407 2790 talis
1474 2727 1639 2790 enim
1702 2727 1974 2809 gaudere
2041 2727 2228 2790 debet
2290 2726 2578 2790 omnibus
2644 2725 3149 2802 obventionibus,

244 2848 446 2912 usque
496 2831 643 2895 dum
688 2828 877 2894 fuerit
920 2830 1051 2894 iure
1088 2830 1307 2894 victus.
1356 2829 1520 2894 Huic
1566 2829 1811 2895 Statuto
1865 2829 2247 2894 conformem
2293 2828 2870 2911 interpretationem
2915 2828 3150 2892 habent

243 2933 499 2999 Statuta
544 2933 895 2998 LXXXVII
950 2934 1012 2998 et
1056 2933 1462 3001 LXXXVIII.

456 3140 562 3205 De
608 3154 770 3207 non
838 3140 1273 3206 donandis
1338 3139 1800 3206 arboribus
1866 3140 1937 3204 et
1978 3139 2409 3223 virgultis
2475 3157 2558 3205 ex
2606 3139 2864 3204 silvis
2910 3158 3150 3223 prae·

250 3244 932 3309 stimonialibus
980 3246 1235 3329 (Statut.
1287 3245 1507 3327 LVII).
1576 3244 1714 3309 Hoc
1760 3244 2078 3309 Statutum
2146 3244 2367 3309 adimit
2427 3244 2818 3327 Regentibus
2877 3245 3148 3327 praesti·

245 3349 606 3414 moniornm
668 3348 1027 3413 facultatem
1094 3348 1445 3413 donationis
1490 3347 1925 3430 virgultorum,
1994 3349 2269 3429 dempt0,
2340 3348 2506 3430 quod
2569 3346 2877 3412 Confratri
2947 3348 3156 3431 potest

246 3454 487 3518 donare
533 3472 646 3535 pro
695 3452 1107 3517 reformandis
1166 3454 1460 3535 sepibus;
1530 3454 1841 3535 quomodo
1889 3454 2098 3515 autem
2143 3452 2266 3515 ista
2313 3452 2581 3535 virgulta
2645 3450 2892 3533 disponi
2938 3454 3003 3516 et
3046 3453 3144 3516 di-

246 3557 435 3621 vendi
502 3557 805 3636 debeant‚
874 3556 1071 3621 multa
1131 3557 1207 3621 de
1256 3556 1381 3621 illis
1444 3556 1750 3621 habentur
1794 3556 1857 3620 in
1904 3554 2080 3620 Actis
2131 3554 2614 3637 capitularibus,
2678 3556 2944 3619 maxime
3011 3558 3158 3639 post

252 3660 505 3725 Annum
560 3660 747 3725 1644.

468 3867 573 3931 De
618 3866 1078 3932 locatione
1126 3865 1839 3931 Patrisfamilias
1886 3866 1959 3929 in
2006 3865 2398 3947 lapideis
2448 3864 2702 3949 (Statut.
2753 3866 2918 3948 LX),
2964 3865 3152 3948 idque

246 3970 329 4035 ad
362 3970 671 4047 effectum,
715 3971 787 4034 ut
813 3970 1003 4034 iidem
1044 3968 1537 4035 Patresfamilias
1576 3969 1969 4033 indemnitati
2012 3972 2074 4035 et
2111 3969 2437 4034 munditiei
2478 3969 2762 4052 lapideae
2801 3968 3146 4033 intendant.

458 4178 561 4242 De
610 4196 751 4241 nou
797 4176 1275 4259 recipiendis
1324 4176 1671 4260 plebeis
1719 4176 1807 4241 ad
1854 4174 2421 4241 Canonicatus
2468 4174 2724 4259 (Statut.
2758 4176 3146 4259 LXXVIII),

246 4282 528 4364 exceptis
573 4282 818 4348 duobus
862 4282 925 4345 in
956 4282 1321 4366 Theologia‚
1387 4282 1450 4346 et
1496 4281 1738 4381 duobus
1784 4281 1848 4345 in
1886 4282 2150 4362 utroque
2187 4280 2288 4344 vel
2325 4281 2624 4345 alterutro
2663 4280 2828 4355 Iure,
2877 4281 2955 4345 ad
2996 4299 3148 4364 gra-

246 4386 403 4453 dum
451 4386 829 4452 Doctoratus
873 4385 938 4450 in
986 4386 1195 4469 aliqua
1242 4384 1659 4450 Universitate
1705 4382 1905 4449 Studii
1953 4384 2260 4467 generalis
2308 4383 2630 4466 promotis.

452 4592 906 4659 ⁴Statutum
952 4612 1041 4659 ne
1085 4593 1515 4659 intersint
1561 4590 2160 4675 CapitulareS,
2215 4591 2547 4674 quando
2596 4591 2960 4675 negotia
3025 4612 3152 4658 eo-

244 4718 469 4777 rum,
538 4698 675 4763 vel
724 4699 1574 4781 consanguineorum
1630 4699 2008 4779 ips-orum
2057 4696 2128 4759 in
2180 4696 2584 4778 capitulo
2649 4698 3156 4762 tractantur

248 4802 515 4887 (statut.
568 4799 933 4884 CXCVIII),
1001 4801 1297 4885 disponit,
1349 4804 1421 4866 ut
1464 4802 1623 4866 tales
1673 4800 2064 4883 capitulares
2127 4801 2292 4865 dicta
2339 4802 2644 4865 sententia
2711 4803 2775 4865 et
2820 4802 2964 4865 voto
3013 4820 3150 4881 suo,

246 4906 424 4973 illico
462 4924 497 4971 e
534 4904 823 4989 Capitulo
862 4907 1101 4985 exeant,
1142 4926 1259 4971 nec
1296 4905 1544 4983 caeteri,
1580 4906 1919 4987 antequam
1960 4902 2195 4983 exierit,
2240 4904 2585 4969 sententias
2624 4923 2769 4969 suas
2807 4904 3147 4987 proferant.

465 5113 570 5177 De
614 5113 885 5177 forma
947 5112 1427 5177 iuramenti
1484 5111 2086 5194 professionis
2148 5110 2375 5176 fidei
2435 5110 2672 5195 (Statut
2719 5110 2911 5197 CXI),
2981 5113 3154 5179 iuxta

249 5217 510 5282 Bullam
574 5216 671 5280 Pii
720 5214 937 5295 Quarti
1000 5215 1304 5281 servanda
1366 5215 1444 5280 ab
1490 5214 1888 5280 installandis
1954 5214 2310 5295 CanoniciS,
2380 5216 2443 5279 et
2488 5215 2811 5298 quibusvis
2886 5216 3026 5282 aliis
3073 5217 3152 5281 ad

252 5319 573 5386 Beneficia
616 5319 1039 5385 ecclesiastica
1085 5318 1509 5385 instituendis.
