4055 6364
2150 741 2719 821 ..226-

989 961 1273 1036 actione
1326 987 1370 1036 a
1426 965 1831 1040 cessatione
1885 966 2099 1062 ignis,
2158 991 2249 1042 ex
2300 969 2719 1045 fundatione
2746 971 3327 1048 Reverendisimi
3380 975 3548 1050 olim
3584 976 3881 1052 Ioannis

984 1081 1500 1160 Luczkiewicz
1573 1084 1923 1163 Canonici
1971 1087 2503 1186 Oracovieusis,
2560 1093 2677 1167 die
2740 1092 2831 1167 15
2886 1097 3157 1170 mensis
3212 1093 3653 1194 Septembris
3702 1121 3879 1196 quo-

988 1204 1226 1278 tannis
1281 1205 1634 1282 celebrari
1688 1209 1759 1282 in
1814 1211 1952 1286 hac
2005 1211 2345 1288 Ecclesia
2400 1223 2817 1310 consuetae,
2873 1216 3133 1292 futuris
3186 1221 3555 1317 perpetuis
3608 1229 3880 1318 tempo-

985 1326 1186 1400 ribus
1239 1330 1376 1402 sub
1430 1329 1830 1425 privatione
1882 1336 2094 1432 panis
2148 1333 2344 1411 illius
2400 1336 2544 1410 diei
2594 1337 2946 1431 intersint,
3004 1340 3143 1414 nisi
3198 1341 3412 1416 aliter
3462 1343 3649 1416 iusta
3692 1343 3880 1416 ratio

988 1455 1286 1522 excuset
1339 1451 1734 1527 absentem.

2128 1770 2717 1876 CCLXXXII.

987 1966 1387 2048 Decretum
1443 1969 1582 2051 vim
1637 1969 1926 2057 Statuti
1984 1997 2124 2060 non
2184 1979 2479 2064 habens
2535 2001 2668 2083 pro
2726 1982 3178 2084 recipiendis
3215 1983 3522 2073 summis
3572 1983 3669 2064 ad
3702 2001 3876 2085 prc-

986 2087 1394 2169 tessflonem
1453 2098 1760 2202 canituli
1818 2099 2111 2304 abacti?
2145 2101 2973 2306 ΙίὲιῃείξαΑξζιέεῗΙῚεξιίοηε.
3026 2106 3152 2185 Die
3222 2105 3433 2204 lovis,
3490 2125 3683 2207 quae
3735 2105 3881 2186 fuit

1195 2434 1552 2525 Quoniam
1606 2435 1852 2530 plures
1905 2433 2366 2509 fundationes
2422 2458 2513 2508 ex
2566 2435 2860 2530 antiquo
2917 2443 2989 2509 et
3040 2435 3313 2510 recenti
3368 2442 3687 2533 tempore
3740 2439 3873 2511 sub

986 2558 1432 2656 protectione
1484 2554 2105 2631 Reverendissimi
2161 2553 2479 2653 Capituli
2534 2565 2903 2652 extantes,
2978 2557 3337 2632 notabiles
3392 2578 3749 2654 expensas
3802 2558 3873 2630 in

988 2679 1538 2756 vindicationem
1597 2703 1641 2753 a
1693 2678 2187 2753 detentoribus
2242 2701 2332 2752 ex
2386 2703 2629 2754 massa
2696 2679 3073 2776 capitulari
3127 2689 3460 2754 causent:
3522 2703 3655 2753 nec
3696 2679 3879 2753 tales

987 2825 1348 2900 expensas
1401 2826 1445 2875 a
1497 2801 2036 2877 Fundatoribus
2089 2801 2242 2875 suis
2296 2801 2629 2898 provisas
2680 2801 3015 2875 habeant:
3082 2799 3246 2875 ideo
3296 2800 3759 2875 Perillustres
3810 2807 3879 2874 et

986 2923 1602 3000 Reverendissimi
1653 2923 1949 2997 Domini
1994 2921 2425 3018 Capitulum,
2481 2921 2847 3020 parcendo
2882 2923 3349 2999 ulterioribus
3386 2947 3559 2999 suae
3598 2945 3877 2997 massae

990 3047 1411 3144 sumptibus,
1471 3044 1746 3119 similes
1801 3067 2117 3119 summas
2168 3045 2241 3117 in
2297 3044 2609 3120 futurum
2664 3047 2941 3140 absque
2974 3046 3167 3120 iusta
3204 3044 3695 3120 consolatione
3732 3067 3869 3118 non

989 3168 1303 3268 amplius
1354 3169 1428 3243 in
1483 3167 1998 3266 protectionem
2059 3190 2257 3242 suam
2316 3166 2817 3265 suscipiendas
2872 3167 3361 3244 decreverunt.

2088 3478 2730 3580 CCLXXXIII.

992 3687 1390 3768 Decretum
1444 3686 1583 3767 vim
1639 3684 1928 3767 statuti
1987 3704 2125 3767 non
2183 3686 2474 3769 habens
2530 3705 2663 3787 pro
2705 3685 3265 3768 archidiaconis
3305 3684 3873 3767 zavichostensi

994 3813 1077 3890 et
1131 3808 1562 3906 Lublinensi,
1614 3807 1707 3888 de
1765 3826 1906 3889 non
1981 3809 2470 3910 usurpatione
2545 3808 2889 3890 Rochetti
2948 3810 3031 3889 et
3084 3805 3410 3908 cappae.
3461 3806 3666 3888 Anno
3726 3807 3873 3888 1731

1235 3928 1240 3933 ’
1684 3929 1800 4014 die
1858 3930 2223 4027 mercurii,
2282 3950 2475 4031 quae
2530 3928 2675 4012 fuit
2729 3930 2781 4010 3
2837 3927 3213 4013 octobris.

1199 4136 1380 4214 Cum
1452 4140 1744 4237 saepius
1818 4141 2014 4214 circa
2084 4139 2673 4215 Zavichostensis
2745 4146 2818 4213 et
2868 4138 3335 4215 Lublinensis
3408 4138 3911 4214 Archidiaeo·.

992 4283 1243 4334 norum
1312 4260 1882 4356 installationes‚
1957 4262 2245 4336 stallum
2321 4260 2665 4337 duntaxat
2734 4261 2807 4335 in
2860 4260 3000 4335 hac
3054 4258 3472 4335 Cathedrali
3542 4260 3875 4336 Ecclesia

992 4382 1196 4457 iuxta
1249 4383 1784 4478 obloquentiam
1837 4382 2045 4457 Libri
2096 4382 2617 4458 Beneficiorum
2668 4382 3115 4472 habentium,
3171 4384 3723 4479 praerogativas
3774 4392 3872 4457 ta-

992 4526 1154 4577 men
1227 4501 1726 4599 Canonicales,
1773 4512 2018 4601 utpote
2086 4504 2514 4580 Rochettum
2588 4512 2661 4580 et
2714 4503 3039 4601 Cappam
3118 4504 3511 4578 Romanam
3562 4504 3636 4577 in
3690 4504 3875 4579 Actu

991 4625 1504 4703 installationis
1582 4626 2218 4724 praetendentium,
2296 4634 2529 4701 stante
2585 4627 3093 4721 denegatione,
3177 4650 3267 4700 ex
3337 4626 3615 4700 ratione
3688 4623 3874 4723 quod

995 4746 1231 4821 Breve
1300 4746 1794 4845 Apostolicum
1871 4770 2001 4845 per
2053 4748 2174 4822 fel.
2232 4772 2460 4823 recor.
2538 4745 3081 4823 Sanctissimum
3158 4748 3425 4845 Papam
3499 4746 3873 4822 Urbanum

995 4866 1204 4943 VIII.
1281 4892 1500 4967 super
1552 4871 2021 4945 concessione
2092 4870 2261 4944 talis
2330 4871 2618 4947 habitus
2692 4869 3137 4968 expeditum,
3184 4892 3317 4965 pro
3382 4869 3677 4963 triginta
3754 4892 3877 4944 sex

994 4990 1340 5067 Personis
1395 4992 1934 5092 Capitularibus
1963 4995 2448 5068 tantummodo
2504 4994 2598 5069 sit
2632 4992 3003 5083 indultum,
3056 4991 3497 5065 differentiae
3534 4990 3873 5081 oriantur,

996 5114 1450 5211 Decretaque
1523 5116 1966 5215 capitularia,
2042 5116 2345 5213 primum
2402 5116 2491 5190 de
2545 5115 2759 5189 Anno
2818 5111 3011 5187 1641
3074 5111 3187 5186 die
3244 5112 3292 5186 7
3346 5114 3616 5187 mensis
3668 5113 3877 5205 Iunii,

999 5237 1387 5314 secundum
1445 5237 1534 5311 de
1587 5236 1799 5312 Anno
1861 5236 2059 5312 1675
2116 5236 2231 5311 die
2276 5236 2367 5311 12
2415 5238 2685 5311 mensis
2736 5236 2927 5331 Iulii,
2984 5244 3232 5309 contra
3286 5234 3577 5310 eosdem
3626 5235 3879 5310 Archi·

999 5358 1346 5434 diaconos
1398 5361 1766 5458 praefatas
1820 5362 2367 5456 praerogativas
2420 5359 2900 5435 Canonicales
2952 5359 3503 5456 praetendentes
3556 5366 3631 5431 et
3682 5380 3881 5434 usur-
4014 5346 4016 5359 '
