<?xml version="1.0" encoding="UTF-8"?>
<!DOCTYPE html PUBLIC "-//W3C//DTD XHTML 1.0 Transitional//EN"
    "http://www.w3.org/TR/xhtml1/DTD/xhtml1-transitional.dtd">
<html xmlns="http://www.w3.org/1999/xhtml" xml:lang="en" lang="en">
 <head>
  <title>
</title>
<meta http-equiv="Content-Type" content="text/html;charset=utf-8" />
  <meta name='ocr-system' content='tesseract 3.04.00' />
  <meta name='ocr-capabilities' content='ocr_page ocr_carea ocr_par ocr_line ocrx_word'/>
</head>
<body>
  <div class='ocr_page' id='page_1' title='image "./statutacapitula00nykogoog_0125.png"; bbox 0 0 4055 6364; ppageno 0'>
   <div class='ocr_carea' id='block_1_1' title="bbox 2079 659 2645 781">
    <p class='ocr_par' dir='ltr' id='par_1_1' title="bbox 2079 659 2645 781">
     <span class='ocr_line' id='line_1_1' title="bbox 2079 659 2645 781; baseline 0 0"><span class='ocrx_word' id='word_1_1' title='bbox 2079 659 2645 781; x_wconf 61' lang='lat'>-102—</span> 
     </span>
    </p>
   </div>
   <div class='ocr_carea' id='block_1_2' title="bbox 832 912 3840 5410">
    <p class='ocr_par' dir='ltr' id='par_1_2' title="bbox 832 912 3840 5410">
     <span class='ocr_line' id='line_1_2' title="bbox 904 912 3840 1013; baseline 0 -22"><span class='ocrx_word' id='word_1_2' title='bbox 904 916 1334 1013; x_wconf 74' lang='lat' dir='ltr'><strong>screpantia,</strong></span> <span class='ocrx_word' id='word_1_3' title='bbox 1390 912 1507 987; x_wconf 90' lang='lat' dir='ltr'><strong>his</strong></span> <span class='ocrx_word' id='word_1_4' title='bbox 1561 912 1911 1009; x_wconf 76' lang='lat' dir='ltr'><strong>proximis</strong></span> <span class='ocrx_word' id='word_1_5' title='bbox 1964 914 2461 1011; x_wconf 85' lang='lat' dir='ltr'><strong>superioribus</strong></span> <span class='ocrx_word' id='word_1_6' title='bbox 2513 914 2724 988; x_wconf 86' lang='lat' dir='ltr'><strong>annis</strong></span> <span class='ocrx_word' id='word_1_7' title='bbox 2777 913 2972 988; x_wconf 86' lang='lat' dir='ltr'><strong>edita</strong></span> <span class='ocrx_word' id='word_1_8' title='bbox 3023 915 3516 1013; x_wconf 85' lang='lat' dir='ltr'><strong>reperiuntur3</strong></span> <span class='ocrx_word' id='word_1_9' title='bbox 3573 916 3840 991; x_wconf 86' lang='lat' dir='ltr'><strong>Reve-</strong></span> 
     </span>
     <span class='ocr_line' id='line_1_3' title="bbox 901 1034 3839 1135; baseline 0 -23"><span class='ocrx_word' id='word_1_10' title='bbox 901 1037 1109 1113; x_wconf 87' lang='lat' dir='ltr'><strong>rendi</strong></span> <span class='ocrx_word' id='word_1_11' title='bbox 1142 1036 1437 1110; x_wconf 86' lang='lat' dir='ltr'><strong>Domini</strong></span> <span class='ocrx_word' id='word_1_12' title='bbox 1472 1036 1546 1109; x_wconf 91' lang='lat' dir='ltr'><strong>in</strong></span> <span class='ocrx_word' id='word_1_13' title='bbox 1584 1034 1723 1110; x_wconf 90' lang='lat' dir='ltr'><strong>hoc</strong></span> <span class='ocrx_word' id='word_1_14' title='bbox 1758 1036 2088 1130; x_wconf 85' lang='lat' dir='ltr'><strong>generali</strong></span> <span class='ocrx_word' id='word_1_15' title='bbox 2144 1034 2482 1132; x_wconf 70' lang='lat' dir='ltr'><strong>capitulo</strong></span> <span class='ocrx_word' id='word_1_16' title='bbox 2537 1036 2985 1131; x_wconf 86' lang='lat' dir='ltr'><strong>congregati,</strong></span> <span class='ocrx_word' id='word_1_17' title='bbox 3043 1057 3265 1135; x_wconf 86' lang='lat' dir='ltr'><strong>super</strong></span> <span class='ocrx_word' id='word_1_18' title='bbox 3315 1038 3458 1112; x_wconf 91' lang='lat' dir='ltr'><strong>hoc</strong></span> <span class='ocrx_word' id='word_1_19' title='bbox 3505 1038 3839 1114; x_wconf 78' lang='lat' dir='ltr'><strong>articulo</strong></span> 
     </span>
     <span class='ocr_line' id='line_1_4' title="bbox 902 1156 3838 1257; baseline 0.001 -24"><span class='ocrx_word' id='word_1_20' title='bbox 902 1160 1173 1256; x_wconf 82' lang='lat' dir='ltr'><strong>alioqui</strong></span> <span class='ocrx_word' id='word_1_21' title='bbox 1226 1157 1529 1251; x_wconf 87' lang='lat' dir='ltr'><strong>nodoso,</strong></span> <span class='ocrx_word' id='word_1_22' title='bbox 1587 1156 1841 1231; x_wconf 85' lang='lat' dir='ltr'><strong>odioso</strong></span> <span class='ocrx_word' id='word_1_23' title='bbox 1880 1164 1952 1231; x_wconf 91' lang='lat' dir='ltr'><strong>et</strong></span> <span class='ocrx_word' id='word_1_24' title='bbox 1987 1158 2327 1252; x_wconf 86' lang='lat' dir='ltr'><strong>ambiguo</strong></span> <span class='ocrx_word' id='word_1_25' title='bbox 2381 1164 2653 1234; x_wconf 87' lang='lat' dir='ltr'><strong>certum</strong></span> <span class='ocrx_word' id='word_1_26' title='bbox 2707 1158 2994 1232; x_wconf 84' lang='lat' dir='ltr'><strong>taudem</strong></span> <span class='ocrx_word' id='word_1_27' title='bbox 3041 1159 3312 1257; x_wconf 84' lang='lat' dir='ltr'><strong>aliquid</strong></span> <span class='ocrx_word' id='word_1_28' title='bbox 3369 1161 3838 1235; x_wconf 84' lang='lat' dir='ltr'><strong>constituere</strong></span> 
     </span>
     <span class='ocr_line' id='line_1_5' title="bbox 904 1278 3838 1385; baseline -0.001 -28"><span class='ocrx_word' id='word_1_29' title='bbox 904 1292 975 1357; x_wconf 85' lang='lat' dir='ltr'><strong>et</strong></span> <span class='ocrx_word' id='word_1_30' title='bbox 1028 1280 1504 1356; x_wconf 86' lang='lat' dir='ltr'><strong>determinare</strong></span> <span class='ocrx_word' id='word_1_31' title='bbox 1558 1280 1909 1372; x_wconf 85' lang='lat' dir='ltr'><strong>volentes,</strong></span> <span class='ocrx_word' id='word_1_32' title='bbox 1964 1278 2354 1355; x_wconf 77' lang='lat' dir='ltr'><strong>intellectis</strong></span> <span class='ocrx_word' id='word_1_33' title='bbox 2409 1288 2580 1355; x_wconf 85' lang='lat' dir='ltr'><strong>aute</strong></span> <span class='ocrx_word' id='word_1_34' title='bbox 2635 1281 2874 1355; x_wconf 89' lang='lat' dir='ltr'><strong>omnia</strong></span> <span class='ocrx_word' id='word_1_35' title='bbox 2928 1281 3402 1385; x_wconf 84' lang='lat' dir='ltr'><strong>Decretorum</strong></span> <span class='ocrx_word' id='word_1_36' title='bbox 3455 1282 3838 1357; x_wconf 85' lang='lat' dir='ltr'><strong>eiusmodi</strong></span> 
     </span>
     <span class='ocr_line' id='line_1_6' title="bbox 832 1382 3837 1498; baseline -0.001 -18"><span class='ocrx_word' id='word_1_37' title='bbox 832 1390 836 1393; x_wconf 50' lang='grc'><strong><em>’</em></strong></span> <span class='ocrx_word' id='word_1_38' title='bbox 902 1405 1313 1498; x_wconf 89' lang='lat' dir='ltr'><strong>tenoribus,</strong></span> <span class='ocrx_word' id='word_1_39' title='bbox 1368 1402 1580 1477; x_wconf 88' lang='lat' dir='ltr'><strong>unius</strong></span> <span class='ocrx_word' id='word_1_40' title='bbox 1634 1400 1975 1476; x_wconf 84' lang='lat' dir='ltr'><strong>videlicet</strong></span> <span class='ocrx_word' id='word_1_41' title='bbox 2026 1402 2242 1476; x_wconf 90' lang='lat' dir='ltr'><strong>Anno</strong></span> <span class='ocrx_word' id='word_1_42' title='bbox 2295 1404 2591 1477; x_wconf 86' lang='lat' dir='ltr'><strong>Domini</strong></span> <span class='ocrx_word' id='word_1_43' title='bbox 2654 1382 2849 1479; x_wconf 73' lang='lat'>1569</span> <span class='ocrx_word' id='word_1_44' title='bbox 2907 1402 3024 1477; x_wconf 89' lang='lat' dir='ltr'><strong>die</strong></span> <span class='ocrx_word' id='word_1_45' title='bbox 3091 1402 3184 1478; x_wconf 86' lang='lat'><strong>13</strong></span> <span class='ocrx_word' id='word_1_46' title='bbox 3241 1404 3454 1497; x_wconf 82' lang='lat' dir='ltr'><strong>Maii,</strong></span> <span class='ocrx_word' id='word_1_47' title='bbox 3514 1404 3837 1479; x_wconf 85' lang='lat' dir='ltr'><strong>alterius</strong></span> 
     </span>
     <span class='ocr_line' id='line_1_7' title="bbox 900 1520 3830 1622; baseline -0.001 -20"><span class='ocrx_word' id='word_1_48' title='bbox 900 1528 1070 1602; x_wconf 87' lang='lat' dir='ltr'><strong>item</strong></span> <span class='ocrx_word' id='word_1_49' title='bbox 1125 1525 1338 1599; x_wconf 90' lang='lat' dir='ltr'><strong>Anno</strong></span> <span class='ocrx_word' id='word_1_50' title='bbox 1412 1522 1662 1597; x_wconf 87' lang='lat' dir='ltr'><strong>eodem</strong></span> <span class='ocrx_word' id='word_1_51' title='bbox 1732 1520 1849 1597; x_wconf 88' lang='lat' dir='ltr'><strong>die</strong></span> <span class='ocrx_word' id='word_1_52' title='bbox 1922 1521 2015 1597; x_wconf 83' lang='lat'><strong>14</strong></span> <span class='ocrx_word' id='word_1_53' title='bbox 2075 1522 2475 1619; x_wconf 77' lang='lat' dir='ltr'><strong>Octobris,</strong></span> <span class='ocrx_word' id='word_1_54' title='bbox 2550 1548 2638 1598; x_wconf 86' lang='lat' dir='ltr'><strong>ac</strong></span> <span class='ocrx_word' id='word_1_55' title='bbox 2693 1524 2880 1599; x_wconf 88' lang='lat' dir='ltr'><strong>tertii</strong></span> <span class='ocrx_word' id='word_1_56' title='bbox 2955 1525 3264 1622; x_wconf 85' lang='lat' dir='ltr'><strong>denique</strong></span> <span class='ocrx_word' id='word_1_57' title='bbox 3337 1524 3550 1600; x_wconf 88' lang='lat' dir='ltr'><strong>Anno</strong></span> <span class='ocrx_word' id='word_1_58' title='bbox 3615 1522 3830 1600; x_wconf 84' lang='lat'><strong>1573</strong></span> 
     </span>
     <span class='ocr_line' id='line_1_8' title="bbox 903 1642 3832 1742; baseline 0 -20"><span class='ocrx_word' id='word_1_59' title='bbox 903 1647 1021 1722; x_wconf 90' lang='lat' dir='ltr'><strong>die</strong></span> <span class='ocrx_word' id='word_1_60' title='bbox 1083 1646 1175 1722; x_wconf 91' lang='lat'><strong>10</strong></span> <span class='ocrx_word' id='word_1_61' title='bbox 1231 1646 1612 1720; x_wconf 77' lang='lat' dir='ltr'><strong>Februarii</strong></span> <span class='ocrx_word' id='word_1_62' title='bbox 1684 1644 1899 1719; x_wconf 90' lang='lat' dir='ltr'><strong>editis</strong></span> <span class='ocrx_word' id='word_1_63' title='bbox 1975 1653 2048 1719; x_wconf 90' lang='lat' dir='ltr'><strong>et</strong></span> <span class='ocrx_word' id='word_1_64' title='bbox 2113 1646 2190 1719; x_wconf 85' lang='lat' dir='ltr'><strong>iu</strong></span> <span class='ocrx_word' id='word_1_65' title='bbox 2244 1642 2454 1721; x_wconf 88' lang='lat' dir='ltr'><strong>Actis</strong></span> <span class='ocrx_word' id='word_1_66' title='bbox 2527 1644 3068 1742; x_wconf 85' lang='lat' dir='ltr'><strong>Capitularibus</strong></span> <span class='ocrx_word' id='word_1_67' title='bbox 3138 1648 3496 1723; x_wconf 86' lang='lat' dir='ltr'><strong>contentis</strong></span> <span class='ocrx_word' id='word_1_68' title='bbox 3563 1656 3638 1721; x_wconf 89' lang='lat' dir='ltr'><strong>et</strong></span> <span class='ocrx_word' id='word_1_69' title='bbox 3693 1648 3832 1723; x_wconf 84' lang='lat' dir='ltr'><strong>de·</strong></span> 
     </span>
     <span class='ocr_line' id='line_1_9' title="bbox 902 1763 3830 1867; baseline 0 -24"><span class='ocrx_word' id='word_1_70' title='bbox 902 1769 1234 1867; x_wconf 87' lang='lat' dir='ltr'><strong>scriptis,</strong></span> <span class='ocrx_word' id='word_1_71' title='bbox 1290 1768 1386 1841; x_wconf 83' lang='lat' dir='ltr'><strong>ad</strong></span> <span class='ocrx_word' id='word_1_72' title='bbox 1441 1790 1601 1842; x_wconf 89' lang='lat' dir='ltr'><strong>enm</strong></span> <span class='ocrx_word' id='word_1_73' title='bbox 1656 1763 1983 1860; x_wconf 88' lang='lat' dir='ltr'><strong>modum,</strong></span> <span class='ocrx_word' id='word_1_74' title='bbox 2044 1790 2334 1841; x_wconf 88' lang='lat' dir='ltr'><strong>sensum</strong></span> <span class='ocrx_word' id='word_1_75' title='bbox 2390 1776 2463 1841; x_wconf 87' lang='lat' dir='ltr'><strong>et</strong></span> <span class='ocrx_word' id='word_1_76' title='bbox 2513 1774 2805 1843; x_wconf 87' lang='lat' dir='ltr'><strong>tenores</strong></span> <span class='ocrx_word' id='word_1_77' title='bbox 2858 1766 3247 1843; x_wconf 88' lang='lat' dir='ltr'><strong>eorundem</strong></span> <span class='ocrx_word' id='word_1_78' title='bbox 3303 1767 3830 1863; x_wconf 85' lang='lat' dir='ltr'><strong>moderandos,</strong></span> 
     </span>
     <span class='ocr_line' id='line_1_10' title="bbox 904 1888 3826 1987; baseline 0.001 -23"><span class='ocrx_word' id='word_1_79' title='bbox 904 1888 1377 1987; x_wconf 89' lang='lat' dir='ltr'><strong>explicandos</strong></span> <span class='ocrx_word' id='word_1_80' title='bbox 1430 1896 1503 1963; x_wconf 90' lang='lat' dir='ltr'><strong>et</strong></span> <span class='ocrx_word' id='word_1_81' title='bbox 1556 1888 2066 1985; x_wconf 85' lang='lat' dir='ltr'><strong>declarandos,</strong></span> <span class='ocrx_word' id='word_1_82' title='bbox 2141 1890 2622 1966; x_wconf 75' lang='lat' dir='ltr'><strong>concordibus</strong></span> <span class='ocrx_word' id='word_1_83' title='bbox 2677 1891 3046 1985; x_wconf 87' lang='lat' dir='ltr'><strong>suffragiis</strong></span> <span class='ocrx_word' id='word_1_84' title='bbox 3099 1892 3252 1966; x_wconf 88' lang='lat' dir='ltr'><strong>suis</strong></span> <span class='ocrx_word' id='word_1_85' title='bbox 3315 1892 3826 1986; x_wconf 82' lang='lat' dir='ltr'><strong>decreverunt,</strong></span> 
     </span>
     <span class='ocr_line' id='line_1_11' title="bbox 902 2008 3829 2112; baseline 0 -24"><span class='ocrx_word' id='word_1_86' title='bbox 902 2020 1305 2089; x_wconf 87' lang='lat' dir='ltr'><strong>statuerunt</strong></span> <span class='ocrx_word' id='word_1_87' title='bbox 1356 2019 1430 2086; x_wconf 91' lang='lat' dir='ltr'><strong>et</strong></span> <span class='ocrx_word' id='word_1_88' title='bbox 1482 2012 1990 2088; x_wconf 88' lang='lat' dir='ltr'><strong>concluserunt</strong></span> <span class='ocrx_word' id='word_1_89' title='bbox 2055 2008 2272 2108; x_wconf 90' lang='lat' dir='ltr'><strong>idque</strong></span> <span class='ocrx_word' id='word_1_90' title='bbox 2327 2012 2464 2087; x_wconf 86' lang='lat' dir='ltr'><strong>sub</strong></span> <span class='ocrx_word' id='word_1_91' title='bbox 2519 2013 3041 2112; x_wconf 81' lang='lat' dir='ltr'><strong>approbatione</strong></span> <span class='ocrx_word' id='word_1_92' title='bbox 3096 2021 3169 2088; x_wconf 91' lang='lat' dir='ltr'><strong>et</strong></span> <span class='ocrx_word' id='word_1_93' title='bbox 3219 2033 3525 2089; x_wconf 87' lang='lat' dir='ltr'><strong>assensu</strong></span> <span class='ocrx_word' id='word_1_94' title='bbox 3577 2012 3829 2088; x_wconf 84' lang='lat' dir='ltr'><strong>Reve-</strong></span> 
     </span>
     <span class='ocr_line' id='line_1_12' title="bbox 902 2133 3830 2229; baseline 0 -19"><span class='ocrx_word' id='word_1_95' title='bbox 902 2134 1315 2210; x_wconf 87' lang='lat' dir='ltr'><strong>rendissimi</strong></span> <span class='ocrx_word' id='word_1_96' title='bbox 1367 2134 1663 2208; x_wconf 89' lang='lat' dir='ltr'><strong>Domini</strong></span> <span class='ocrx_word' id='word_1_97' title='bbox 1716 2134 1899 2209; x_wconf 86' lang='lat' dir='ltr'><strong>Loci</strong></span> <span class='ocrx_word' id='word_1_98' title='bbox 1970 2133 2378 2229; x_wconf 85' lang='lat' dir='ltr'><strong>Ordinarii,</strong></span> <span class='ocrx_word' id='word_1_99' title='bbox 2435 2144 2510 2209; x_wconf 89' lang='lat' dir='ltr'><strong>et</strong></span> <span class='ocrx_word' id='word_1_100' title='bbox 2561 2159 2721 2211; x_wconf 87' lang='lat' dir='ltr'><strong>cum</strong></span> <span class='ocrx_word' id='word_1_101' title='bbox 2777 2160 2864 2210; x_wconf 87' lang='lat' dir='ltr'><strong>ea</strong></span> <span class='ocrx_word' id='word_1_102' title='bbox 2916 2142 3156 2210; x_wconf 84' lang='lat' dir='ltr'><strong>tamen</strong></span> <span class='ocrx_word' id='word_1_103' title='bbox 3229 2134 3692 2211; x_wconf 88' lang='lat' dir='ltr'><strong>distinctione</strong></span> <span class='ocrx_word' id='word_1_104' title='bbox 3750 2142 3830 2210; x_wconf 87' lang='lat' dir='ltr'><strong>et</strong></span> 
     </span>
     <span class='ocr_line' id='line_1_13' title="bbox 900 2255 3828 2354; baseline 0 -23"><span class='ocrx_word' id='word_1_105' title='bbox 900 2258 1367 2331; x_wconf 81' lang='lat' dir='ltr'><strong>limitatione:</strong></span> <span class='ocrx_word' id='word_1_106' title='bbox 1446 2255 1639 2352; x_wconf 89' lang='lat' dir='ltr'><strong>quod</strong></span> <span class='ocrx_word' id='word_1_107' title='bbox 1713 2257 1837 2330; x_wconf 90' lang='lat' dir='ltr'><strong>ubi</strong></span> <span class='ocrx_word' id='word_1_108' title='bbox 1892 2256 2276 2353; x_wconf 88' lang='lat' dir='ltr'><strong>contigerit</strong></span> <span class='ocrx_word' id='word_1_109' title='bbox 2347 2258 2628 2354; x_wconf 84' lang='lat' dir='ltr'><strong>aliquas</strong></span> <span class='ocrx_word' id='word_1_110' title='bbox 2696 2258 3000 2332; x_wconf 91' lang='lat' dir='ltr'><strong>limitum</strong></span> <span class='ocrx_word' id='word_1_111' title='bbox 3065 2258 3600 2332; x_wconf 86' lang='lat' dir='ltr'><strong>controversias</strong></span> <span class='ocrx_word' id='word_1_112' title='bbox 3670 2277 3828 2332; x_wconf 87' lang='lat' dir='ltr'><strong>non</strong></span> 
     </span>
     <span class='ocr_line' id='line_1_14' title="bbox 902 2368 3822 2477; baseline -0.001 -24"><span class='ocrx_word' id='word_1_113' title='bbox 902 2402 1036 2477; x_wconf 91' lang='lat' dir='ltr'><strong>per</strong></span> <span class='ocrx_word' id='word_1_114' title='bbox 1088 2378 1461 2475; x_wconf 85' lang='lat' dir='ltr'><strong>strepitum</strong></span> <span class='ocrx_word' id='word_1_115' title='bbox 1514 2378 1735 2472; x_wconf 89' lang='lat' dir='ltr'><strong>iuris,</strong></span> <span class='ocrx_word' id='word_1_116' title='bbox 1794 2378 1923 2453; x_wconf 89' lang='lat' dir='ltr'><strong>sed</strong></span> <span class='ocrx_word' id='word_1_117' title='bbox 1980 2402 2112 2476; x_wconf 90' lang='lat' dir='ltr'><strong>per</strong></span> <span class='ocrx_word' id='word_1_118' title='bbox 2164 2380 2618 2454; x_wconf 84' lang='lat' dir='ltr'><strong>amicabilem</strong></span> <span class='ocrx_word' id='word_1_119' title='bbox 2673 2378 3305 2477; x_wconf 81' lang='lat' dir='ltr'><strong>compositionem,</strong></span> <span class='ocrx_word' id='word_1_120' title='bbox 3363 2379 3520 2454; x_wconf 89' lang='lat' dir='ltr'><strong>sine</strong></span> <span class='ocrx_word' id='word_1_121' title='bbox 3573 2368 3822 2454; x_wconf 72' lang='lat' dir='ltr'><strong>taufen</strong></span> 
     </span>
     <span class='ocr_line' id='line_1_15' title="bbox 903 2499 3820 2599; baseline 0 -24"><span class='ocrx_word' id='word_1_122' title='bbox 903 2499 1389 2598; x_wconf 82' lang='lat' dir='ltr'><strong>praestatione</strong></span> <span class='ocrx_word' id='word_1_123' title='bbox 1446 2500 1847 2598; x_wconf 86' lang='lat' dir='ltr'><strong>corporalis</strong></span> <span class='ocrx_word' id='word_1_124' title='bbox 1897 2501 2276 2575; x_wconf 88' lang='lat' dir='ltr'><strong>iuramenti</strong></span> <span class='ocrx_word' id='word_1_125' title='bbox 2331 2502 2699 2576; x_wconf 88' lang='lat' dir='ltr'><strong>terminari</strong></span> <span class='ocrx_word' id='word_1_126' title='bbox 2753 2524 2994 2599; x_wconf 88' lang='lat' dir='ltr'><strong>posse,</strong></span> <span class='ocrx_word' id='word_1_127' title='bbox 3051 2509 3317 2576; x_wconf 85' lang='lat' dir='ltr'><strong>extunc</strong></span> <span class='ocrx_word' id='word_1_128' title='bbox 3369 2522 3512 2575; x_wconf 87' lang='lat' dir='ltr'><strong>non</strong></span> <span class='ocrx_word' id='word_1_129' title='bbox 3568 2524 3664 2575; x_wconf 91' lang='lat' dir='ltr'><strong>ex</strong></span> <span class='ocrx_word' id='word_1_130' title='bbox 3699 2523 3820 2575; x_wconf 89' lang='lat' dir='ltr'><strong>or-</strong></span> 
     </span>
     <span class='ocr_line' id='line_1_16' title="bbox 904 2622 3823 2722; baseline -0 -24"><span class='ocrx_word' id='word_1_131' title='bbox 904 2622 1105 2717; x_wconf 87' lang='lat' dir='ltr'><strong>dine,</strong></span> <span class='ocrx_word' id='word_1_132' title='bbox 1162 2644 1396 2717; x_wconf 88' lang='lat' dir='ltr'><strong>neque</strong></span> <span class='ocrx_word' id='word_1_133' title='bbox 1452 2646 1543 2697; x_wconf 90' lang='lat' dir='ltr'><strong>ex</strong></span> <span class='ocrx_word' id='word_1_134' title='bbox 1596 2623 1818 2717; x_wconf 89' lang='lat' dir='ltr'><strong>senio,</strong></span> <span class='ocrx_word' id='word_1_135' title='bbox 1896 2624 2027 2697; x_wconf 91' lang='lat' dir='ltr'><strong>sed</strong></span> <span class='ocrx_word' id='word_1_136' title='bbox 2079 2624 2281 2697; x_wconf 87' lang='lat' dir='ltr'><strong>iuxta</strong></span> <span class='ocrx_word' id='word_1_137' title='bbox 2333 2623 2758 2698; x_wconf 86' lang='lat' dir='ltr'><strong>electionem</strong></span> <span class='ocrx_word' id='word_1_138' title='bbox 2811 2623 2887 2697; x_wconf 89' lang='lat' dir='ltr'><strong>in</strong></span> <span class='ocrx_word' id='word_1_139' title='bbox 2940 2622 3280 2722; x_wconf 84' lang='lat' dir='ltr'><strong>Oapitnlo</strong></span> <span class='ocrx_word' id='word_1_140' title='bbox 3333 2645 3532 2697; x_wconf 89' lang='lat' dir='ltr'><strong>more</strong></span> <span class='ocrx_word' id='word_1_141' title='bbox 3585 2623 3823 2698; x_wconf 73' lang='lat' dir='ltr'><strong>veteri</strong></span> 
     </span>
     <span class='ocr_line' id='line_1_17' title="bbox 902 2742 3816 2843; baseline 0.001 -26"><span class='ocrx_word' id='word_1_142' title='bbox 902 2742 1345 2836; x_wconf 85' lang='lat' dir='ltr'><strong>faciendam,</strong></span> <span class='ocrx_word' id='word_1_143' title='bbox 1420 2744 1741 2840; x_wconf 86' lang='lat' dir='ltr'><strong>deputati</strong></span> <span class='ocrx_word' id='word_1_144' title='bbox 1793 2745 1885 2818; x_wconf 86' lang='lat' dir='ltr'><strong>ad</strong></span> <span class='ocrx_word' id='word_1_145' title='bbox 1941 2742 2172 2819; x_wconf 89' lang='lat' dir='ltr'><strong>Actus</strong></span> <span class='ocrx_word' id='word_1_146' title='bbox 2245 2745 2599 2820; x_wconf 86' lang='lat' dir='ltr'><strong>eiusmodi</strong></span> <span class='ocrx_word' id='word_1_147' title='bbox 2667 2746 2775 2820; x_wconf 90' lang='lat' dir='ltr'><strong>ire</strong></span> <span class='ocrx_word' id='word_1_148' title='bbox 2847 2753 2918 2819; x_wconf 90' lang='lat' dir='ltr'><strong>et</strong></span> <span class='ocrx_word' id='word_1_149' title='bbox 2986 2745 3352 2843; x_wconf 87' lang='lat' dir='ltr'><strong>proficisci</strong></span> <span class='ocrx_word' id='word_1_150' title='bbox 3419 2742 3816 2839; x_wconf 86' lang='lat' dir='ltr'><strong>debebunt,</strong></span> 
     </span>
     <span class='ocr_line' id='line_1_18' title="bbox 904 2865 3819 2965; baseline 0 -24"><span class='ocrx_word' id='word_1_151' title='bbox 904 2868 1337 2964; x_wconf 86' lang='lat' dir='ltr'><strong>negotiaque</strong></span> <span class='ocrx_word' id='word_1_152' title='bbox 1412 2867 1767 2942; x_wconf 85' lang='lat' dir='ltr'><strong>eiusmodi</strong></span> <span class='ocrx_word' id='word_1_153' title='bbox 1839 2868 2181 2965; x_wconf 90' lang='lat' dir='ltr'><strong>expedire</strong></span> <span class='ocrx_word' id='word_1_154' title='bbox 2251 2875 2322 2941; x_wconf 90' lang='lat' dir='ltr'><strong>et</strong></span> <span class='ocrx_word' id='word_1_155' title='bbox 2374 2868 2756 2943; x_wconf 88' lang='lat' dir='ltr'><strong>absolvere</strong></span> <span class='ocrx_word' id='word_1_156' title='bbox 2829 2869 2964 2942; x_wconf 91' lang='lat' dir='ltr'><strong>sub</strong></span> <span class='ocrx_word' id='word_1_157' title='bbox 3037 2868 3295 2965; x_wconf 88' lang='lat' dir='ltr'><strong>poenis</strong></span> <span class='ocrx_word' id='word_1_158' title='bbox 3365 2869 3440 2943; x_wconf 92' lang='lat' dir='ltr'><strong>in</strong></span> <span class='ocrx_word' id='word_1_159' title='bbox 3513 2865 3819 2943; x_wconf 82' lang='lat' dir='ltr'><strong>Statutis</strong></span> 
     </span>
     <span class='ocr_line' id='line_1_19' title="bbox 903 2989 3816 3087; baseline -0.001 -22"><span class='ocrx_word' id='word_1_160' title='bbox 903 2990 1427 3087; x_wconf 88' lang='lat' dir='ltr'><strong>antiquioribus</strong></span> <span class='ocrx_word' id='word_1_161' title='bbox 1500 2990 1854 3065; x_wconf 89' lang='lat' dir='ltr'><strong>contentis</strong></span> <span class='ocrx_word' id='word_1_162' title='bbox 1908 2998 1982 3064; x_wconf 88' lang='lat' dir='ltr'><strong>et</strong></span> <span class='ocrx_word' id='word_1_163' title='bbox 2034 2991 2463 3065; x_wconf 87' lang='lat' dir='ltr'><strong>constitutis.</strong></span> <span class='ocrx_word' id='word_1_164' title='bbox 2559 2989 2658 3065; x_wconf 92' lang='lat' dir='ltr'><strong>At</strong></span> <span class='ocrx_word' id='word_1_165' title='bbox 2727 3012 2902 3065; x_wconf 86' lang='lat' dir='ltr'><strong>vero</strong></span> <span class='ocrx_word' id='word_1_166' title='bbox 2977 2990 3100 3063; x_wconf 90' lang='lat' dir='ltr'><strong>ubi</strong></span> <span class='ocrx_word' id='word_1_167' title='bbox 3171 3012 3304 3086; x_wconf 90' lang='lat' dir='ltr'><strong>per</strong></span> <span class='ocrx_word' id='word_1_168' title='bbox 3355 2990 3585 3064; x_wconf 85' lang='lat' dir='ltr'><strong>forum</strong></span> <span class='ocrx_word' id='word_1_169' title='bbox 3641 3012 3816 3064; x_wconf 91' lang='lat' dir='ltr'><strong>con·</strong></span> 
     </span>
     <span class='ocr_line' id='line_1_20' title="bbox 906 3111 3812 3212; baseline -0.001 -24"><span class='ocrx_word' id='word_1_170' title='bbox 906 3112 1287 3188; x_wconf 88' lang='lat' dir='ltr'><strong>tentiosum</strong></span> <span class='ocrx_word' id='word_1_171' title='bbox 1342 3122 1413 3190; x_wconf 87' lang='lat' dir='ltr'><strong>et</strong></span> <span class='ocrx_word' id='word_1_172' title='bbox 1458 3112 1829 3212; x_wconf 85' lang='lat' dir='ltr'><strong>strepitum</strong></span> <span class='ocrx_word' id='word_1_173' title='bbox 1884 3112 2132 3189; x_wconf 87' lang='lat' dir='ltr'><strong>iudicii</strong></span> <span class='ocrx_word' id='word_1_174' title='bbox 2201 3114 2740 3189; x_wconf 84' lang='lat' dir='ltr'><strong>controversiae</strong></span> <span class='ocrx_word' id='word_1_175' title='bbox 2805 3111 3160 3188; x_wconf 87' lang='lat' dir='ltr'><strong>eiusmodi</strong></span> <span class='ocrx_word' id='word_1_176' title='bbox 3211 3112 3628 3188; x_wconf 85' lang='lat' dir='ltr'><strong>necessario</strong></span> <span class='ocrx_word' id='word_1_177' title='bbox 3683 3111 3812 3186; x_wconf 88' lang='lat' dir='ltr'><strong>ab·</strong></span> 
     </span>
     <span class='ocr_line' id='line_1_21' title="bbox 870 3232 3815 3336; baseline -0.001 -27"><span class='ocrx_word' id='word_1_178' title='bbox 870 3235 1300 3331; x_wconf 39' lang='lat' dir='ltr'><strong>‚solvendae</strong></span> <span class='ocrx_word' id='word_1_179' title='bbox 1354 3242 1637 3325; x_wconf 87' lang='lat' dir='ltr'><strong>essent,</strong></span> <span class='ocrx_word' id='word_1_180' title='bbox 1712 3256 1945 3330; x_wconf 89' lang='lat' dir='ltr'><strong>neque</strong></span> <span class='ocrx_word' id='word_1_181' title='bbox 2000 3236 2274 3333; x_wconf 86' lang='lat' dir='ltr'><strong>absque</strong></span> <span class='ocrx_word' id='word_1_182' title='bbox 2345 3232 2802 3310; x_wconf 88' lang='lat' dir='ltr'><strong>iureiurando</strong></span> <span class='ocrx_word' id='word_1_183' title='bbox 2877 3235 3198 3332; x_wconf 87' lang='lat' dir='ltr'><strong>expediri</strong></span> <span class='ocrx_word' id='word_1_184' title='bbox 3265 3241 3603 3336; x_wconf 86' lang='lat' dir='ltr'><strong>possent,</strong></span> <span class='ocrx_word' id='word_1_185' title='bbox 3679 3256 3815 3307; x_wconf 86' lang='lat' dir='ltr'><strong>nec</strong></span> 
     </span>
     <span class='ocr_line' id='line_1_22' title="bbox 910 3353 3813 3455; baseline -0.001 -24"><span class='ocrx_word' id='word_1_186' title='bbox 910 3358 1136 3455; x_wconf 88' lang='lat' dir='ltr'><strong>aliqui</strong></span> <span class='ocrx_word' id='word_1_187' title='bbox 1187 3359 1487 3432; x_wconf 87' lang='lat' dir='ltr'><strong>Fratres</strong></span> <span class='ocrx_word' id='word_1_188' title='bbox 1542 3357 1631 3430; x_wconf 87' lang='lat' dir='ltr'><strong>de</strong></span> <span class='ocrx_word' id='word_1_189' title='bbox 1686 3357 1965 3450; x_wconf 88' lang='lat' dir='ltr'><strong>gremio</strong></span> <span class='ocrx_word' id='word_1_190' title='bbox 2039 3357 2421 3454; x_wconf 85' lang='lat' dir='ltr'><strong>capitulari</strong></span> <span class='ocrx_word' id='word_1_191' title='bbox 2473 3357 2566 3432; x_wconf 88' lang='lat' dir='ltr'><strong>ad</strong></span> <span class='ocrx_word' id='word_1_192' title='bbox 2621 3356 3038 3454; x_wconf 88' lang='lat' dir='ltr'><strong>petitionem</strong></span> <span class='ocrx_word' id='word_1_193' title='bbox 3108 3356 3410 3434; x_wconf 86' lang='lat' dir='ltr'><strong>aliorum</strong></span> <span class='ocrx_word' id='word_1_194' title='bbox 3475 3353 3813 3430; x_wconf 84' lang='lat' dir='ltr'><strong>Fratrum</strong></span> 
     </span>
     <span class='ocr_line' id='line_1_23' title="bbox 907 3479 3811 3578; baseline -0.001 -23"><span class='ocrx_word' id='word_1_195' title='bbox 907 3503 1089 3556; x_wconf 88' lang='lat' dir='ltr'><strong>onus</strong></span> <span class='ocrx_word' id='word_1_196' title='bbox 1140 3480 1281 3556; x_wconf 93' lang='lat' dir='ltr'><strong>hoc</strong></span> <span class='ocrx_word' id='word_1_197' title='bbox 1334 3489 1717 3578; x_wconf 86' lang='lat' dir='ltr'><strong>acceptare</strong></span> <span class='ocrx_word' id='word_1_198' title='bbox 1769 3479 2061 3576; x_wconf 87' lang='lat' dir='ltr'><strong>vellent,</strong></span> <span class='ocrx_word' id='word_1_199' title='bbox 2119 3503 2208 3554; x_wconf 88' lang='lat' dir='ltr'><strong>ne</strong></span> <span class='ocrx_word' id='word_1_200' title='bbox 2261 3503 2390 3576; x_wconf 90' lang='lat' dir='ltr'><strong>per</strong></span> <span class='ocrx_word' id='word_1_201' title='bbox 2442 3479 2958 3574; x_wconf 86' lang='lat' dir='ltr'><strong>negligentiam</strong></span> <span class='ocrx_word' id='word_1_202' title='bbox 3015 3502 3102 3553; x_wconf 88' lang='lat' dir='ltr'><strong>ea</strong></span> <span class='ocrx_word' id='word_1_203' title='bbox 3153 3479 3228 3554; x_wconf 88' lang='lat' dir='ltr'><strong>iu</strong></span> <span class='ocrx_word' id='word_1_204' title='bbox 3265 3491 3345 3555; x_wconf 78' lang='lat' dir='ltr'><strong>re</strong></span> <span class='ocrx_word' id='word_1_205' title='bbox 3399 3480 3493 3555; x_wconf 92' lang='lat' dir='ltr'><strong>ob</strong></span> <span class='ocrx_word' id='word_1_206' title='bbox 3548 3479 3811 3554; x_wconf 87' lang='lat' dir='ltr'><strong>absen-</strong></span> 
     </span>
     <span class='ocr_line' id='line_1_24' title="bbox 904 3597 3810 3702; baseline -0.001 -26"><span class='ocrx_word' id='word_1_207' title='bbox 904 3602 1075 3677; x_wconf 89' lang='lat' dir='ltr'><strong>tiam</strong></span> <span class='ocrx_word' id='word_1_208' title='bbox 1130 3601 1466 3676; x_wconf 86' lang='lat' dir='ltr'><strong>videlicet</strong></span> <span class='ocrx_word' id='word_1_209' title='bbox 1517 3601 2036 3700; x_wconf 86' lang='lat' dir='ltr'><strong>Capitularium</strong></span> <span class='ocrx_word' id='word_1_210' title='bbox 2089 3601 2339 3697; x_wconf 88' lang='lat' dir='ltr'><strong>gravis</strong></span> <span class='ocrx_word' id='word_1_211' title='bbox 2393 3601 2636 3698; x_wconf 86' lang='lat' dir='ltr'><strong>aliqua</strong></span> <span class='ocrx_word' id='word_1_212' title='bbox 2669 3601 2948 3676; x_wconf 89' lang='lat' dir='ltr'><strong>iactura</strong></span> <span class='ocrx_word' id='word_1_213' title='bbox 3003 3597 3224 3700; x_wconf 88' lang='lat' dir='ltr'><strong>(quod</strong></span> <span class='ocrx_word' id='word_1_214' title='bbox 3278 3597 3496 3702; x_wconf 90' lang='lat' dir='ltr'><strong>absit)</strong></span> <span class='ocrx_word' id='word_1_215' title='bbox 3552 3599 3810 3675; x_wconf 90' lang='lat' dir='ltr'><strong>Eccle-</strong></span> 
     </span>
     <span class='ocr_line' id='line_1_25' title="bbox 906 3722 3810 3823; baseline -0.001 -25"><span class='ocrx_word' id='word_1_216' title='bbox 906 3724 1058 3799; x_wconf 89' lang='lat' dir='ltr'><strong>siae</strong></span> <span class='ocrx_word' id='word_1_217' title='bbox 1113 3732 1184 3799; x_wconf 90' lang='lat' dir='ltr'><strong>et</strong></span> <span class='ocrx_word' id='word_1_218' title='bbox 1233 3725 1449 3799; x_wconf 91' lang='lat' dir='ltr'><strong>bonis</strong></span> <span class='ocrx_word' id='word_1_219' title='bbox 1508 3725 1741 3823; x_wconf 89' lang='lat' dir='ltr'><strong>ipsius</strong></span> <span class='ocrx_word' id='word_1_220' title='bbox 1808 3725 2192 3818; x_wconf 87' lang='lat' dir='ltr'><strong>inferetur,</strong></span> <span class='ocrx_word' id='word_1_221' title='bbox 2267 3729 2527 3798; x_wconf 84' lang='lat' dir='ltr'><strong>extunc</strong></span> <span class='ocrx_word' id='word_1_222' title='bbox 2598 3723 2798 3798; x_wconf 88' lang='lat' dir='ltr'><strong>iuxta</strong></span> <span class='ocrx_word' id='word_1_223' title='bbox 2871 3723 3166 3798; x_wconf 90' lang='lat' dir='ltr'><strong>senium-</strong></span> <span class='ocrx_word' id='word_1_224' title='bbox 3221 3730 3294 3798; x_wconf 91' lang='lat' dir='ltr'><strong>et</strong></span> <span class='ocrx_word' id='word_1_225' title='bbox 3362 3722 3810 3798; x_wconf 83' lang='lat' dir='ltr'><strong>vocationem</strong></span> 
     </span>
     <span class='ocr_line' id='line_1_26' title="bbox 906 3845 3812 3944; baseline -0.001 -22"><span class='ocrx_word' id='word_1_226' title='bbox 906 3871 1132 3940; x_wconf 86' lang='lat' dir='ltr'><strong>suam,</strong></span> <span class='ocrx_word' id='word_1_227' title='bbox 1190 3848 1493 3944; x_wconf 89' lang='lat' dir='ltr'><strong>quisque</strong></span> <span class='ocrx_word' id='word_1_228' title='bbox 1546 3847 2018 3922; x_wconf 89' lang='lat' dir='ltr'><strong>Dominorum</strong></span> <span class='ocrx_word' id='word_1_229' title='bbox 2076 3845 2459 3944; x_wconf 82' lang='lat' dir='ltr'><strong>deputatus</strong></span> <span class='ocrx_word' id='word_1_230' title='bbox 2501 3846 2610 3920; x_wconf 90' lang='lat' dir='ltr'><strong>ire</strong></span> <span class='ocrx_word' id='word_1_231' title='bbox 2647 3852 2720 3919; x_wconf 88' lang='lat' dir='ltr'><strong>et</strong></span> <span class='ocrx_word' id='word_1_232' title='bbox 2754 3845 3124 3942; x_wconf 83' lang='lat' dir='ltr'><strong>proficisci</strong></span> <span class='ocrx_word' id='word_1_233' title='bbox 3174 3852 3471 3944; x_wconf 83' lang='lat' dir='ltr'><strong>paratus</strong></span> <span class='ocrx_word' id='word_1_234' title='bbox 3527 3865 3812 3943; x_wconf 77' lang='lat' dir='ltr'><strong>semper</strong></span> 
     </span>
     <span class='ocr_line' id='line_1_27' title="bbox 906 3964 3810 4064; baseline -0.001 -22"><span class='ocrx_word' id='word_1_235' title='bbox 906 3989 1072 4044; x_wconf 88' lang='lat' dir='ltr'><strong>esse</strong></span> <span class='ocrx_word' id='word_1_236' title='bbox 1128 3967 1459 4061; x_wconf 87' lang='lat' dir='ltr'><strong>debebit,</strong></span> <span class='ocrx_word' id='word_1_237' title='bbox 1516 3989 1749 4064; x_wconf 89' lang='lat' dir='ltr'><strong>neque</strong></span> <span class='ocrx_word' id='word_1_238' title='bbox 1804 3991 1885 4044; x_wconf 89' lang='lat' dir='ltr'><strong>se</strong></span> <span class='ocrx_word' id='word_1_239' title='bbox 1937 3967 2089 4042; x_wconf 89' lang='lat' dir='ltr'><strong>ullo</strong></span> <span class='ocrx_word' id='word_1_240' title='bbox 2145 3967 2358 4042; x_wconf 90' lang='lat' dir='ltr'><strong>modo</strong></span> <span class='ocrx_word' id='word_1_241' title='bbox 2412 3989 2760 4042; x_wconf 88' lang='lat' dir='ltr'><strong>excusare</strong></span> <span class='ocrx_word' id='word_1_242' title='bbox 2785 4021 2803 4056; x_wconf 90' lang='lat'><strong>,</strong></span> <span class='ocrx_word' id='word_1_243' title='bbox 2877 3967 3265 4063; x_wconf 91' lang='lat' dir='ltr'><strong>quinimmo</strong></span> <span class='ocrx_word' id='word_1_244' title='bbox 3335 3989 3504 4042; x_wconf 87' lang='lat' dir='ltr'><strong>mox</strong></span> <span class='ocrx_word' id='word_1_245' title='bbox 3579 3964 3810 4040; x_wconf 89' lang='lat' dir='ltr'><strong>ordini</strong></span> 
     </span>
     <span class='ocr_line' id='line_1_28' title="bbox 906 4088 3807 4189; baseline -0.001 -24"><span class='ocrx_word' id='word_1_246' title='bbox 906 4099 979 4166; x_wconf 90' lang='lat' dir='ltr'><strong>ct</strong></span> <span class='ocrx_word' id='word_1_247' title='bbox 1032 4090 1474 4188; x_wconf 89' lang='lat' dir='ltr'><strong>deputationi</strong></span> <span class='ocrx_word' id='word_1_248' title='bbox 1528 4113 1699 4166; x_wconf 84' lang='lat' dir='ltr'><strong>suae</strong></span> <span class='ocrx_word' id='word_1_249' title='bbox 1753 4092 1888 4165; x_wconf 90' lang='lat' dir='ltr'><strong>sub</strong></span> <span class='ocrx_word' id='word_1_250' title='bbox 1945 4090 2200 4188; x_wconf 89' lang='lat' dir='ltr'><strong>poenis</strong></span> <span class='ocrx_word' id='word_1_251' title='bbox 2251 4091 2326 4164; x_wconf 92' lang='lat' dir='ltr'><strong>in</strong></span> <span class='ocrx_word' id='word_1_252' title='bbox 2381 4088 2656 4164; x_wconf 90' lang='lat' dir='ltr'><strong>eisdem</strong></span> <span class='ocrx_word' id='word_1_253' title='bbox 2711 4089 3050 4164; x_wconf 88' lang='lat' dir='ltr'><strong>Decretis</strong></span> <span class='ocrx_word' id='word_1_254' title='bbox 3104 4090 3436 4189; x_wconf 84' lang='lat' dir='ltr'><strong>superius</strong></span> <span class='ocrx_word' id='word_1_255' title='bbox 3490 4089 3807 4163; x_wconf 88' lang='lat' dir='ltr'><strong>nomina-</strong></span> 
     </span>
     <span class='ocr_line' id='line_1_29' title="bbox 905 4211 3806 4310; baseline -0.001 -22"><span class='ocrx_word' id='word_1_256' title='bbox 905 4213 999 4288; x_wconf 88' lang='lat' dir='ltr'><strong>tis</strong></span> <span class='ocrx_word' id='word_1_257' title='bbox 1054 4213 1475 4287; x_wconf 88' lang='lat' dir='ltr'><strong>satisfacere</strong></span> <span class='ocrx_word' id='word_1_258' title='bbox 1530 4213 1842 4288; x_wconf 86' lang='lat' dir='ltr'><strong>debebit.</strong></span> <span class='ocrx_word' id='word_1_259' title='bbox 1896 4213 1985 4286; x_wconf 91' lang='lat' dir='ltr'><strong>In</strong></span> <span class='ocrx_word' id='word_1_260' title='bbox 2040 4235 2182 4309; x_wconf 91' lang='lat' dir='ltr'><strong>quo</strong></span> <span class='ocrx_word' id='word_1_261' title='bbox 2237 4213 2524 4309; x_wconf 88' lang='lat' dir='ltr'><strong>quidem</strong></span> <span class='ocrx_word' id='word_1_262' title='bbox 2580 4235 2754 4287; x_wconf 88' lang='lat' dir='ltr'><strong>casu</strong></span> <span class='ocrx_word' id='word_1_263' title='bbox 2791 4220 2870 4287; x_wconf 89' lang='lat' dir='ltr'><strong>ut</strong></span> <span class='ocrx_word' id='word_1_264' title='bbox 2910 4212 3330 4310; x_wconf 87' lang='lat' dir='ltr'><strong>plerumque</strong></span> <span class='ocrx_word' id='word_1_265' title='bbox 3385 4211 3806 4306; x_wconf 89' lang='lat' dir='ltr'><strong>contingere</strong></span> 
     </span>
     <span class='ocr_line' id='line_1_30' title="bbox 908 4331 3808 4432; baseline -0 -24"><span class='ocrx_word' id='word_1_266' title='bbox 908 4331 1131 4427; x_wconf 87' lang='lat' dir='ltr'><strong>solet,</strong></span> <span class='ocrx_word' id='word_1_267' title='bbox 1206 4335 1271 4409; x_wconf 88' lang='lat' dir='ltr'><strong>si</strong></span> <span class='ocrx_word' id='word_1_268' title='bbox 1324 4335 1688 4430; x_wconf 86' lang='lat' dir='ltr'><strong>negotium</strong></span> <span class='ocrx_word' id='word_1_269' title='bbox 1755 4335 2103 4410; x_wconf 87' lang='lat' dir='ltr'><strong>eiusmodi</strong></span> <span class='ocrx_word' id='word_1_270' title='bbox 2179 4335 2334 4410; x_wconf 88' lang='lat' dir='ltr'><strong>sine</strong></span> <span class='ocrx_word' id='word_1_271' title='bbox 2399 4334 2884 4432; x_wconf 83' lang='lat' dir='ltr'><strong>praestatione</strong></span> <span class='ocrx_word' id='word_1_272' title='bbox 2957 4333 3360 4431; x_wconf 85' lang='lat' dir='ltr'><strong>corporalis</strong></span> <span class='ocrx_word' id='word_1_273' title='bbox 3429 4332 3808 4410; x_wconf 86' lang='lat' dir='ltr'><strong>iuramenti</strong></span> 
     </span>
     <span class='ocr_line' id='line_1_31' title="bbox 906 4455 3804 4554; baseline -0 -24"><span class='ocrx_word' id='word_1_274' title='bbox 906 4456 1383 4552; x_wconf 85' lang='lat' dir='ltr'><strong>expediretur,</strong></span> <span class='ocrx_word' id='word_1_275' title='bbox 1472 4456 1661 4553; x_wconf 89' lang='lat' dir='ltr'><strong>quod</strong></span> <span class='ocrx_word' id='word_1_276' title='bbox 1736 4458 2007 4554; x_wconf 88' lang='lat' dir='ltr'><strong>alioqui</strong></span> <span class='ocrx_word' id='word_1_277' title='bbox 2081 4457 2171 4532; x_wconf 87' lang='lat' dir='ltr'><strong>de</strong></span> <span class='ocrx_word' id='word_1_278' title='bbox 2241 4459 2486 4552; x_wconf 86' lang='lat' dir='ltr'><strong>rigore</strong></span> <span class='ocrx_word' id='word_1_279' title='bbox 2546 4455 2726 4532; x_wconf 88' lang='lat' dir='ltr'><strong>iuris</strong></span> <span class='ocrx_word' id='word_1_280' title='bbox 2803 4478 2937 4553; x_wconf 88' lang='lat' dir='ltr'><strong>per</strong></span> <span class='ocrx_word' id='word_1_281' title='bbox 3008 4455 3386 4554; x_wconf 83' lang='lat' dir='ltr'><strong>corporale</strong></span> <span class='ocrx_word' id='word_1_282' title='bbox 3457 4455 3804 4530; x_wconf 87' lang='lat' dir='ltr'><strong>iuramen-</strong></span> 
     </span>
     <span class='ocr_line' id='line_1_32' title="bbox 906 4576 3807 4676; baseline -0.001 -23"><span class='ocrx_word' id='word_1_283' title='bbox 906 4587 1052 4653; x_wconf 90' lang='lat' dir='ltr'><strong>tum</strong></span> <span class='ocrx_word' id='word_1_284' title='bbox 1110 4577 1433 4676; x_wconf 84' lang='lat' dir='ltr'><strong>expediri</strong></span> <span class='ocrx_word' id='word_1_285' title='bbox 1487 4577 1853 4674; x_wconf 85' lang='lat' dir='ltr'><strong>debuerat,</strong></span> <span class='ocrx_word' id='word_1_286' title='bbox 1910 4580 1976 4654; x_wconf 92' lang='lat' dir='ltr'><strong>si</strong></span> <span class='ocrx_word' id='word_1_287' title='bbox 2010 4579 2179 4653; x_wconf 87' lang='lat' dir='ltr'><strong>inde</strong></span> <span class='ocrx_word' id='word_1_288' title='bbox 2235 4601 2376 4654; x_wconf 90' lang='lat' dir='ltr'><strong>non</strong></span> <span class='ocrx_word' id='word_1_289' title='bbox 2415 4580 2894 4675; x_wconf 88' lang='lat' dir='ltr'><strong>subsequatur</strong></span> <span class='ocrx_word' id='word_1_290' title='bbox 2939 4576 3240 4652; x_wconf 81' lang='lat' dir='ltr'><strong>evidens</strong></span> <span class='ocrx_word' id='word_1_291' title='bbox 3277 4577 3634 4670; x_wconf 86' lang='lat' dir='ltr'><strong>damnum,</strong></span> <span class='ocrx_word' id='word_1_292' title='bbox 3691 4581 3807 4650; x_wconf 85' lang='lat' dir='ltr'><strong>a&#39;ut</strong></span> 
     </span>
     <span class='ocr_line' id='line_1_33' title="bbox 905 4699 3800 4798; baseline -0.001 -24"><span class='ocrx_word' id='word_1_293' title='bbox 905 4701 1163 4774; x_wconf 87' lang='lat' dir='ltr'><strong>iniuria</strong></span> <span class='ocrx_word' id='word_1_294' title='bbox 1218 4701 1531 4776; x_wconf 87' lang='lat' dir='ltr'><strong>enormis</strong></span> <span class='ocrx_word' id='word_1_295' title='bbox 1584 4700 1965 4776; x_wconf 87' lang='lat' dir='ltr'><strong>Ecclesiae</strong></span> <span class='ocrx_word' id='word_1_296' title='bbox 2007 4709 2078 4775; x_wconf 92' lang='lat' dir='ltr'><strong>et</strong></span> <span class='ocrx_word' id='word_1_297' title='bbox 2112 4701 2325 4775; x_wconf 90' lang='lat' dir='ltr'><strong>bouis</strong></span> <span class='ocrx_word' id='word_1_298' title='bbox 2378 4703 2630 4798; x_wconf 89' lang='lat' dir='ltr'><strong>ipsius,</strong></span> <span class='ocrx_word' id='word_1_299' title='bbox 2698 4708 2866 4776; x_wconf 87' lang='lat' dir='ltr'><strong>tuuc</strong></span> <span class='ocrx_word' id='word_1_300' title='bbox 2917 4700 2971 4774; x_wconf 83' lang='lat' dir='ltr'><strong>ii</strong></span> <span class='ocrx_word' id='word_1_301' title='bbox 3025 4700 3148 4797; x_wconf 89' lang='lat' dir='ltr'><strong>qui</strong></span> <span class='ocrx_word' id='word_1_302' title='bbox 3202 4705 3408 4774; x_wconf 89' lang='lat' dir='ltr'><strong>erunt</strong></span> <span class='ocrx_word' id='word_1_303' title='bbox 3463 4699 3800 4796; x_wconf 81' lang='lat' dir='ltr'><strong>deputati,</strong></span> 
     </span>
     <span class='ocr_line' id='line_1_34' title="bbox 905 4819 3804 4920; baseline -0.001 -24"><span class='ocrx_word' id='word_1_304' title='bbox 905 4847 951 4896; x_wconf 91' lang='lat' dir='ltr'><strong>a</strong></span> <span class='ocrx_word' id='word_1_305' title='bbox 1004 4830 1211 4897; x_wconf 90' lang='lat' dir='ltr'><strong>turno</strong></span> <span class='ocrx_word' id='word_1_306' title='bbox 1286 4823 1651 4898; x_wconf 83' lang='lat' dir='ltr'><strong>servitutis</strong></span> <span class='ocrx_word' id='word_1_307' title='bbox 1723 4845 1851 4898; x_wconf 88' lang='lat' dir='ltr'><strong>seu</strong></span> <span class='ocrx_word' id='word_1_308' title='bbox 1906 4823 2239 4920; x_wconf 86' lang='lat' dir='ltr'><strong>obsequii</strong></span> <span class='ocrx_word' id='word_1_309' title='bbox 2308 4823 2689 4898; x_wconf 82' lang='lat' dir='ltr'><strong>Ecclesiae</strong></span> <span class='ocrx_word' id='word_1_310' title='bbox 2763 4821 3028 4897; x_wconf 89' lang='lat' dir='ltr'><strong>debent</strong></span> <span class='ocrx_word' id='word_1_311' title='bbox 3097 4843 3265 4896; x_wconf 86' lang='lat' dir='ltr'><strong>esse</strong></span> <span class='ocrx_word' id='word_1_312' title='bbox 3334 4819 3550 4896; x_wconf 89' lang='lat' dir='ltr'><strong>liberi</strong></span> <span class='ocrx_word' id='word_1_313' title='bbox 3601 4843 3690 4896; x_wconf 88' lang='lat' dir='ltr'><strong>ac</strong></span> <span class='ocrx_word' id='word_1_314' title='bbox 3743 4820 3804 4895; x_wconf 91' lang='lat' dir='ltr'><strong>si</strong></span> 
     </span>
     <span class='ocr_line' id='line_1_35' title="bbox 904 4941 3804 5042; baseline -0.002 -22"><span class='ocrx_word' id='word_1_315' title='bbox 904 4947 1374 5020; x_wconf 82' lang='lat' dir='ltr'><strong>iuramentum</strong></span> <span class='ocrx_word' id='word_1_316' title='bbox 1445 4945 1519 5018; x_wconf 92' lang='lat' dir='ltr'><strong>in</strong></span> <span class='ocrx_word' id='word_1_317' title='bbox 1573 4945 1765 5020; x_wconf 85' lang='lat' dir='ltr'><strong>facto</strong></span> <span class='ocrx_word' id='word_1_318' title='bbox 1821 4945 2396 5042; x_wconf 85' lang='lat' dir='ltr'><strong>praestitissent,</strong></span> <span class='ocrx_word' id='word_1_319' title='bbox 2466 4943 2568 5019; x_wconf 87' lang='lat' dir='ltr'><strong>ita</strong></span> <span class='ocrx_word' id='word_1_320' title='bbox 2622 4943 2814 5042; x_wconf 89' lang='lat' dir='ltr'><strong>quod</strong></span> <span class='ocrx_word' id='word_1_321' title='bbox 2869 4944 2994 5018; x_wconf 85' lang='lat' dir='ltr'><strong>alii</strong></span> <span class='ocrx_word' id='word_1_322' title='bbox 3051 4949 3439 5039; x_wconf 85' lang='lat' dir='ltr'><strong>sequentes</strong></span> <span class='ocrx_word' id='word_1_323' title='bbox 3511 4941 3804 5016; x_wconf 84' lang='lat' dir='ltr'><strong>Fratres</strong></span> 
     </span>
     <span class='ocr_line' id='line_1_36' title="bbox 908 5064 3800 5166; baseline -0.001 -26"><span class='ocrx_word' id='word_1_324' title='bbox 908 5067 996 5141; x_wconf 87' lang='lat' dir='ltr'><strong>de</strong></span> <span class='ocrx_word' id='word_1_325' title='bbox 1050 5068 1329 5161; x_wconf 88' lang='lat' dir='ltr'><strong>gremio</strong></span> <span class='ocrx_word' id='word_1_326' title='bbox 1384 5065 1701 5164; x_wconf 81' lang='lat' dir='ltr'><strong>Capituli</strong></span> <span class='ocrx_word' id='word_1_327' title='bbox 1752 5067 1952 5142; x_wconf 84' lang='lat' dir='ltr'><strong>iuxta</strong></span> <span class='ocrx_word' id='word_1_328' title='bbox 2008 5067 2530 5166; x_wconf 86' lang='lat' dir='ltr'><strong>praescriptum</strong></span> <span class='ocrx_word' id='word_1_329' title='bbox 2605 5069 3029 5160; x_wconf 90' lang='lat' dir='ltr'><strong>Decretum,</strong></span> <span class='ocrx_word' id='word_1_330' title='bbox 3105 5064 3198 5140; x_wconf 86' lang='lat' dir='ltr'><strong>de</strong></span> <span class='ocrx_word' id='word_1_331' title='bbox 3251 5064 3512 5161; x_wconf 88' lang='lat' dir='ltr'><strong>quibus</strong></span> <span class='ocrx_word' id='word_1_332' title='bbox 3567 5083 3800 5162; x_wconf 87' lang='lat' dir='ltr'><strong>supra,</strong></span> 
     </span>
     <span class='ocr_line' id='line_1_37' title="bbox 906 5185 3801 5286; baseline -0.001 -23"><span class='ocrx_word' id='word_1_333' title='bbox 906 5187 999 5263; x_wconf 82' lang='lat' dir='ltr'><strong>ad</strong></span> <span class='ocrx_word' id='word_1_334' title='bbox 1036 5188 1179 5263; x_wconf 88' lang='lat' dir='ltr'><strong>alia</strong></span> <span class='ocrx_word' id='word_1_335' title='bbox 1220 5189 1512 5283; x_wconf 87' lang='lat' dir='ltr'><strong>negotia</strong></span> <span class='ocrx_word' id='word_1_336' title='bbox 1564 5189 1884 5264; x_wconf 86' lang='lat' dir='ltr'><strong>eiusdem</strong></span> <span class='ocrx_word' id='word_1_337' title='bbox 1937 5189 2231 5285; x_wconf 86' lang='lat' dir='ltr'><strong>generis</strong></span> <span class='ocrx_word' id='word_1_338' title='bbox 2269 5189 2709 5284; x_wconf 84' lang='lat' dir='ltr'><strong>emergentia</strong></span> <span class='ocrx_word' id='word_1_339' title='bbox 2747 5185 3077 5286; x_wconf 85' lang='lat' dir='ltr'><strong>deputari</strong></span> <span class='ocrx_word' id='word_1_340' title='bbox 3131 5185 3515 5263; x_wconf 87' lang='lat' dir='ltr'><strong>debebunt.</strong></span> <span class='ocrx_word' id='word_1_341' title='bbox 3574 5185 3801 5276; x_wconf 80' lang='lat' dir='ltr'><strong>Quam</strong></span> 
     </span>
     <span class='ocr_line' id='line_1_38' title="bbox 908 5303 3799 5410; baseline -0.001 -23"><span class='ocrx_word' id='word_1_342' title='bbox 908 5311 1193 5408; x_wconf 86' lang='lat' dir='ltr'><strong>quidem</strong></span> <span class='ocrx_word' id='word_1_343' title='bbox 1250 5311 1801 5409; x_wconf 84' lang='lat' dir='ltr'><strong>explicationem</strong></span> <span class='ocrx_word' id='word_1_344' title='bbox 1858 5334 1988 5387; x_wconf 87' lang='lat' dir='ltr'><strong>seu</strong></span> <span class='ocrx_word' id='word_1_345' title='bbox 2044 5311 2600 5387; x_wconf 82' lang='lat' dir='ltr'><strong>declarationem</strong></span> <span class='ocrx_word' id='word_1_346' title='bbox 2673 5311 3237 5410; x_wconf 83' lang='lat' dir='ltr'><strong>suprascriptam</strong></span> <span class='ocrx_word' id='word_1_347' title='bbox 3288 5303 3509 5384; x_wconf 88' lang='lat' dir='ltr'><strong>iidem</strong></span> <span class='ocrx_word' id='word_1_348' title='bbox 3575 5307 3799 5383; x_wconf 79' lang='lat' dir='ltr'><strong>Reve-</strong></span> 
     </span>
    </p>
   </div>
  </div>
 </body>
</html>
