<?xml version="1.0" encoding="UTF-8"?>
<!DOCTYPE html PUBLIC "-//W3C//DTD XHTML 1.0 Transitional//EN"
    "http://www.w3.org/TR/xhtml1/DTD/xhtml1-transitional.dtd">
<html xmlns="http://www.w3.org/1999/xhtml" xml:lang="en" lang="en">
 <head>
  <title>
</title>
<meta http-equiv="Content-Type" content="text/html;charset=utf-8" />
  <meta name='ocr-system' content='tesseract 3.04.00' />
  <meta name='ocr-capabilities' content='ocr_page ocr_carea ocr_par ocr_line ocrx_word'/>
</head>
<body>
  <div class='ocr_page' id='page_1' title='image "./statutacapitula00nykogoog_0201.png"; bbox 0 0 4055 6364; ppageno 0'>
   <div class='ocr_carea' id='block_1_1' title="bbox 2119 787 2685 1112">
    <p class='ocr_par' dir='ltr' id='par_1_1' title="bbox 2119 787 2685 1112">
     <span class='ocr_line' id='line_1_1' title="bbox 2119 787 2685 863; baseline 0.004 -2"><span class='ocrx_word' id='word_1_1' title='bbox 2119 831 2207 842; x_wconf 88' lang='grc'>-</span> <span class='ocrx_word' id='word_1_2' title='bbox 2327 787 2475 863; x_wconf 84' lang='lat'><strong>1⁷8</strong></span> <span class='ocrx_word' id='word_1_3' title='bbox 2580 833 2685 844; x_wconf 85' lang='lat'><em>-</em></span> 
     </span>
     <span class='ocr_line' id='line_1_2' title="bbox 2230 1009 2567 1112; baseline 0 0"><span class='ocrx_word' id='word_1_4' title='bbox 2230 1009 2567 1112; x_wconf 89' lang='lat' dir='ltr'>CCXV.</span> 
     </span>
    </p>
   </div>
   <div class='ocr_carea' id='block_1_2' title="bbox 946 1197 3834 1412">
    <p class='ocr_par' dir='ltr' id='par_1_2' title="bbox 946 1197 3834 1412">
     <span class='ocr_line' id='line_1_3' title="bbox 946 1197 3834 1306; baseline 0.001 -24"><span class='ocrx_word' id='word_1_5' title='bbox 946 1197 1422 1284; x_wconf 73' lang='lat' dir='ltr'><strong>conditiones</strong></span> <span class='ocrx_word' id='word_1_6' title='bbox 1465 1201 1621 1282; x_wconf 81' lang='lat' dir='ltr'><strong>tam</strong></span> <span class='ocrx_word' id='word_1_7' title='bbox 1661 1200 1730 1284; x_wconf 84' lang='lat' dir='ltr'><strong>in</strong></span> <span class='ocrx_word' id='word_1_8' title='bbox 1777 1199 1975 1284; x_wconf 76' lang='lat' dir='ltr'><strong>vinis</strong></span> <span class='ocrx_word' id='word_1_9' title='bbox 2023 1202 2757 1304; x_wconf 72' lang='lat' dir='ltr'><strong>praestimonianhus</strong></span> <span class='ocrx_word' id='word_1_10' title='bbox 2802 1222 3019 1305; x_wconf 78' lang='lat' dir='ltr'><strong>quam</strong></span> <span class='ocrx_word' id='word_1_11' title='bbox 3060 1205 3128 1286; x_wconf 80' lang='lat' dir='ltr'><strong>in</strong></span> <span class='ocrx_word' id='word_1_12' title='bbox 3168 1204 3508 1289; x_wconf 79' lang='lat' dir='ltr'><strong>Domibus</strong></span> <span class='ocrx_word' id='word_1_13' title='bbox 3556 1205 3834 1306; x_wconf 80' lang='lat' dir='ltr'><strong>implen-</strong></span> 
     </span>
     <span class='ocr_line' id='line_1_4' title="bbox 1059 1319 3735 1412; baseline 0.001 -6"><span class='ocrx_word' id='word_1_14' title='bbox 1059 1319 1204 1406; x_wconf 80' lang='lat' dir='ltr'><strong>dae</strong></span> <span class='ocrx_word' id='word_1_15' title='bbox 1241 1322 1326 1404; x_wconf 85' lang='lat' dir='ltr'><strong>et</strong></span> <span class='ocrx_word' id='word_1_16' title='bbox 1363 1342 1504 1407; x_wconf 87' lang='lat' dir='ltr'><strong>non</strong></span> <span class='ocrx_word' id='word_1_17' title='bbox 1541 1321 2043 1410; x_wconf 78' lang='lat' dir='ltr'><strong>redimendae.</strong></span> <span class='ocrx_word' id='word_1_18' title='bbox 2083 1324 2290 1408; x_wconf 72' lang='lat' dir='ltr'><strong>Anno</strong></span> <span class='ocrx_word' id='word_1_19' title='bbox 2331 1324 2519 1407; x_wconf 81' lang='grc'><strong>1610.</strong></span> <span class='ocrx_word' id='word_1_20' title='bbox 2562 1325 2688 1406; x_wconf 80' lang='lat' dir='ltr'><strong>nie</strong></span> <span class='ocrx_word' id='word_1_21' title='bbox 2727 1325 3070 1408; x_wconf 72' lang='lat' dir='ltr'><strong>mercurii</strong></span> <span class='ocrx_word' id='word_1_22' title='bbox 3108 1327 3187 1408; x_wconf 90' lang='grc'><strong>12</strong></span> <span class='ocrx_word' id='word_1_23' title='bbox 3226 1329 3508 1412; x_wconf 77' lang='lat' dir='ltr'><strong>mensis</strong></span> <span class='ocrx_word' id='word_1_24' title='bbox 3544 1329 3735 1410; x_wconf 68' lang='lat' dir='ltr'><strong>maii.</strong></span> 
     </span>
    </p>
   </div>
   <div class='ocr_carea' id='block_1_3' title="bbox 935 1513 3835 1860">
    <p class='ocr_par' dir='ltr' id='par_1_3' title="bbox 935 1513 3835 1860">
     <span class='ocr_line' id='line_1_5' title="bbox 1148 1513 3835 1617; baseline 0.003 -26"><span class='ocrx_word' id='word_1_25' title='bbox 1148 1513 1330 1591; x_wconf 81' lang='lat' dir='ltr'><strong>Oum</strong></span> <span class='ocrx_word' id='word_1_26' title='bbox 1370 1515 1634 1592; x_wconf 87' lang='lat' dir='ltr'><strong>multae</strong></span> <span class='ocrx_word' id='word_1_27' title='bbox 1672 1513 2160 1593; x_wconf 78' lang='lat' dir='ltr'><strong>desolationes</strong></span> <span class='ocrx_word' id='word_1_28' title='bbox 2196 1525 2269 1593; x_wconf 90' lang='lat' dir='ltr'><strong>et</strong></span> <span class='ocrx_word' id='word_1_29' title='bbox 2296 1518 2888 1595; x_wconf 78' lang='lat' dir='ltr'><strong>deteriorationes</strong></span> <span class='ocrx_word' id='word_1_30' title='bbox 2926 1519 3271 1617; x_wconf 75' lang='lat' dir='ltr'>subsequi</span> <span class='ocrx_word' id='word_1_31' title='bbox 3308 1521 3590 1596; x_wconf 77' lang='lat' dir='ltr'><strong>soleant</strong></span> <span class='ocrx_word' id='word_1_32' title='bbox 3622 1521 3835 1598; x_wconf 82' lang='lat' dir='ltr'><strong>Prae-</strong></span> 
     </span>
     <span class='ocr_line' id='line_1_6' title="bbox 943 1637 3834 1740; baseline 0.002 -26"><span class='ocrx_word' id='word_1_33' title='bbox 943 1637 1436 1714; x_wconf 89' lang='lat' dir='ltr'><strong>stimoniorum</strong></span> <span class='ocrx_word' id='word_1_34' title='bbox 1477 1647 1550 1714; x_wconf 88' lang='lat' dir='ltr'><strong>et</strong></span> <span class='ocrx_word' id='word_1_35' title='bbox 1583 1639 1980 1716; x_wconf 89' lang='lat' dir='ltr'><strong>Domorum</strong></span> <span class='ocrx_word' id='word_1_36' title='bbox 2035 1641 2131 1714; x_wconf 92' lang='lat' dir='ltr'><strong>ob</strong></span> <span class='ocrx_word' id='word_1_37' title='bbox 2174 1641 2577 1716; x_wconf 82' lang='lat' dir='ltr'><strong>refusiones</strong></span> <span class='ocrx_word' id='word_1_38' title='bbox 2630 1639 3111 1716; x_wconf 77' lang='lat' dir='ltr'><strong>conditionum</strong></span> <span class='ocrx_word' id='word_1_39' title='bbox 3167 1643 3502 1718; x_wconf 88' lang='lat' dir='ltr'><strong>Dominis</strong></span> <span class='ocrx_word' id='word_1_40' title='bbox 3552 1643 3834 1740; x_wconf 85' lang='lat' dir='ltr'><strong>Regen-</strong></span> 
     </span>
     <span class='ocr_line' id='line_1_7' title="bbox 935 1759 3834 1860; baseline 0.002 -26"><span class='ocrx_word' id='word_1_41' title='bbox 935 1759 1130 1835; x_wconf 89' lang='lat' dir='ltr'><strong>tibus</strong></span> <span class='ocrx_word' id='word_1_42' title='bbox 1183 1759 1378 1834; x_wconf 88' lang='lat' dir='ltr'><strong>eirea</strong></span> <span class='ocrx_word' id='word_1_43' title='bbox 1430 1760 1917 1860; x_wconf 86' lang='lat' dir='ltr'><strong>provisionem</strong></span> <span class='ocrx_word' id='word_1_44' title='bbox 1971 1761 2468 1859; x_wconf 83' lang='lat' dir='ltr'><strong>impositarum</strong></span> <span class='ocrx_word' id='word_1_45' title='bbox 2507 1772 2579 1837; x_wconf 89' lang='lat' dir='ltr'><strong>et</strong></span> <span class='ocrx_word' id='word_1_46' title='bbox 2613 1771 2935 1860; x_wconf 89' lang='lat' dir='ltr'><strong>tempore</strong></span> <span class='ocrx_word' id='word_1_47' title='bbox 2989 1765 3361 1858; x_wconf 84' lang='lat' dir='ltr'><strong>regiminis</strong></span> <span class='ocrx_word' id='word_1_48' title='bbox 3416 1789 3557 1840; x_wconf 90' lang='lat' dir='ltr'><strong>non</strong></span> <span class='ocrx_word' id='word_1_49' title='bbox 3610 1765 3834 1840; x_wconf 88' lang='lat' dir='ltr'><strong>adim·</strong></span> 
     </span>
    </p>
   </div>
   <div class='ocr_carea' id='block_1_4' title="bbox 935 1882 3949 1981">
    <p class='ocr_par' dir='ltr' id='par_1_4' title="bbox 935 1882 3949 1981">
     <span class='ocr_line' id='line_1_8' title="bbox 935 1882 3949 1981; baseline 0.002 -25"><span class='ocrx_word' id='word_1_50' title='bbox 935 1882 1290 1980; x_wconf 89' lang='lat' dir='ltr'><strong>pletarum</strong></span> <span class='ocrx_word' id='word_1_51' title='bbox 1345 1883 1654 1980; x_wconf 79' lang='lat' dir='ltr'><strong>pecunia</strong></span> <span class='ocrx_word' id='word_1_52' title='bbox 1706 1884 1938 1958; x_wconf 84' lang='lat' dir='ltr'><strong>factas</strong></span> <span class='ocrx_word' id='word_1_53' title='bbox 1984 1883 2101 1978; x_wconf 90' lang='lat' dir='ltr'><strong>iis,</strong></span> <span class='ocrx_word' id='word_1_54' title='bbox 2156 1885 2397 1981; x_wconf 88' lang='lat' dir='ltr'><strong>itaque</strong></span> <span class='ocrx_word' id='word_1_55' title='bbox 2452 1884 3021 1960; x_wconf 81' lang='lat' dir='ltr'><strong>desolationibus</strong></span> <span class='ocrx_word' id='word_1_56' title='bbox 3058 1893 3129 1959; x_wconf 87' lang='lat' dir='ltr'><strong>et</strong></span> <span class='ocrx_word' id='word_1_57' title='bbox 3164 1886 3835 1963; x_wconf 86' lang='lat' dir='ltr'><strong>deteriorationibus</strong></span> <span class='ocrx_word' id='word_1_58' title='bbox 3944 1921 3949 1924; x_wconf 96' lang='lat'>·</span> 
     </span>
    </p>
   </div>
   <div class='ocr_carea' id='block_1_5' title="bbox 927 2004 3837 2812">
    <p class='ocr_par' dir='ltr' id='par_1_5' title="bbox 927 2004 3837 2812">
     <span class='ocr_line' id='line_1_9' title="bbox 934 2004 3836 2100; baseline 0.001 -22"><span class='ocrx_word' id='word_1_59' title='bbox 934 2011 1150 2100; x_wconf 91' lang='lat' dir='ltr'><strong>atque</strong></span> <span class='ocrx_word' id='word_1_60' title='bbox 1211 2004 1660 2080; x_wconf 83' lang='lat' dir='ltr'><strong>indemnitati</strong></span> <span class='ocrx_word' id='word_1_61' title='bbox 1733 2005 2419 2080; x_wconf 88' lang='lat' dir='ltr'><strong>Praestimoniorum</strong></span> <span class='ocrx_word' id='word_1_62' title='bbox 2478 2015 2549 2082; x_wconf 91' lang='lat' dir='ltr'><strong>et</strong></span> <span class='ocrx_word' id='word_1_63' title='bbox 2600 2008 2995 2081; x_wconf 86' lang='lat' dir='ltr'><strong>Domorum</strong></span> <span class='ocrx_word' id='word_1_64' title='bbox 3066 2006 3476 2082; x_wconf 84' lang='lat' dir='ltr'><strong>Reverendi</strong></span> <span class='ocrx_word' id='word_1_65' title='bbox 3548 2009 3836 2082; x_wconf 88' lang='lat' dir='ltr'><strong>Domini</strong></span> 
     </span>
     <span class='ocr_line' id='line_1_10' title="bbox 935 2127 3835 2227; baseline 0.001 -25"><span class='ocrx_word' id='word_1_66' title='bbox 935 2127 1354 2225; x_wconf 75' lang='lat' dir='ltr'><strong>prospicere</strong></span> <span class='ocrx_word' id='word_1_67' title='bbox 1405 2128 1762 2222; x_wconf 85' lang='lat' dir='ltr'><strong>volentes,</strong></span> <span class='ocrx_word' id='word_1_68' title='bbox 1817 2127 2161 2203; x_wconf 89' lang='lat' dir='ltr'><strong>eoneordi</strong></span> <span class='ocrx_word' id='word_1_69' title='bbox 2214 2137 2383 2203; x_wconf 91' lang='lat' dir='ltr'><strong>voto</strong></span> <span class='ocrx_word' id='word_1_70' title='bbox 2439 2136 2870 2204; x_wconf 83' lang='lat' dir='ltr'><strong>statuerunt:</strong></span> <span class='ocrx_word' id='word_1_71' title='bbox 2928 2138 3006 2202; x_wconf 92' lang='lat' dir='ltr'><strong>ut</strong></span> <span class='ocrx_word' id='word_1_72' title='bbox 3056 2129 3315 2202; x_wconf 90' lang='lat' dir='ltr'><strong>amodo</strong></span> <span class='ocrx_word' id='word_1_73' title='bbox 3370 2137 3443 2204; x_wconf 91' lang='lat' dir='ltr'><strong>et</strong></span> <span class='ocrx_word' id='word_1_74' title='bbox 3496 2129 3835 2227; x_wconf 80' lang='lat' dir='ltr'><strong>deinceps</strong></span> 
     </span>
     <span class='ocr_line' id='line_1_11' title="bbox 931 2248 3837 2345; baseline 0.001 -23"><span class='ocrx_word' id='word_1_75' title='bbox 931 2248 1383 2324; x_wconf 78' lang='lat' dir='ltr'><strong>conditiones</strong></span> <span class='ocrx_word' id='word_1_76' title='bbox 1443 2249 1520 2324; x_wconf 90' lang='lat' dir='ltr'><strong>in</strong></span> <span class='ocrx_word' id='word_1_77' title='bbox 1572 2249 2124 2326; x_wconf 80' lang='lat' dir='ltr'><strong>Praestim&#39;oniis</strong></span> <span class='ocrx_word' id='word_1_78' title='bbox 2178 2258 2253 2324; x_wconf 90' lang='lat' dir='ltr'><strong>et</strong></span> <span class='ocrx_word' id='word_1_79' title='bbox 2306 2251 2661 2326; x_wconf 89' lang='lat' dir='ltr'><strong>Domibus</strong></span> <span class='ocrx_word' id='word_1_80' title='bbox 2713 2250 3053 2324; x_wconf 87' lang='lat' dir='ltr'><strong>Dominis</strong></span> <span class='ocrx_word' id='word_1_81' title='bbox 3126 2249 3573 2345; x_wconf 82' lang='lat' dir='ltr'><strong>Regentibus</strong></span> <span class='ocrx_word' id='word_1_82' title='bbox 3646 2253 3837 2326; x_wconf 81' lang='lat' dir='ltr'><strong>eirca</strong></span> 
     </span>
     <span class='ocr_line' id='line_1_12' title="bbox 929 2369 3833 2469; baseline 0 -24"><span class='ocrx_word' id='word_1_83' title='bbox 929 2369 1215 2447; x_wconf 88' lang='lat' dir='ltr'><strong>illorum</strong></span> <span class='ocrx_word' id='word_1_84' title='bbox 1268 2371 1728 2446; x_wconf 79' lang='lat' dir='ltr'><strong>collationem</strong></span> <span class='ocrx_word' id='word_1_85' title='bbox 1790 2371 2197 2469; x_wconf 82' lang='lat' dir='ltr'><strong>impositae,</strong></span> <span class='ocrx_word' id='word_1_86' title='bbox 2254 2396 2299 2446; x_wconf 90' lang='lat' dir='ltr'><strong>a</strong></span> <span class='ocrx_word' id='word_1_87' title='bbox 2352 2373 2632 2446; x_wconf 88' lang='lat' dir='ltr'><strong>nemine</strong></span> <span class='ocrx_word' id='word_1_88' title='bbox 2705 2370 3291 2446; x_wconf 85' lang='lat' dir='ltr'><strong>Reverendorum</strong></span> <span class='ocrx_word' id='word_1_89' title='bbox 3363 2371 3833 2447; x_wconf 72' lang='lat' dir='ltr'><strong>Domitiorum</strong></span> 
     </span>
     <span class='ocr_line' id='line_1_13' title="bbox 927 2493 3829 2592; baseline 0 -26"><span class='ocrx_word' id='word_1_90' title='bbox 927 2493 1004 2566; x_wconf 91' lang='lat' dir='ltr'><strong>in</strong></span> <span class='ocrx_word' id='word_1_91' title='bbox 1042 2516 1422 2569; x_wconf 77' lang='lat' dir='ltr'><strong>ascensum</strong></span> <span class='ocrx_word' id='word_1_92' title='bbox 1468 2501 1540 2568; x_wconf 93' lang='lat' dir='ltr'><strong>et</strong></span> <span class='ocrx_word' id='word_1_93' title='bbox 1575 2494 1942 2569; x_wconf 89' lang='lat' dir='ltr'><strong>meliorem</strong></span> <span class='ocrx_word' id='word_1_94' title='bbox 1997 2495 2307 2569; x_wconf 91' lang='lat' dir='ltr'><strong>Domum</strong></span> <span class='ocrx_word' id='word_1_95' title='bbox 2362 2503 2485 2570; x_wconf 86' lang='lat' dir='ltr'><strong>aut</strong></span> <span class='ocrx_word' id='word_1_96' title='bbox 2529 2494 3211 2568; x_wconf 88' lang='lat' dir='ltr'><strong>Praestimoniorum</strong></span> <span class='ocrx_word' id='word_1_97' title='bbox 3254 2494 3558 2592; x_wconf 80' lang='lat' dir='ltr'><strong>pecunia</strong></span> <span class='ocrx_word' id='word_1_98' title='bbox 3592 2495 3829 2568; x_wconf 82' lang='lat' dir='ltr'><strong>refun-</strong></span> 
     </span>
     <span class='ocr_line' id='line_1_14' title="bbox 931 2613 3832 2711; baseline 0.001 -23"><span class='ocrx_word' id='word_1_99' title='bbox 931 2613 1195 2691; x_wconf 87' lang='lat' dir='ltr'><strong>dantur</strong></span> <span class='ocrx_word' id='word_1_100' title='bbox 1252 2621 1324 2688; x_wconf 86' lang='lat' dir='ltr'><strong>et</strong></span> <span class='ocrx_word' id='word_1_101' title='bbox 1357 2614 1835 2711; x_wconf 90' lang='lat' dir='ltr'><strong>redimantu1·;</strong></span> <span class='ocrx_word' id='word_1_102' title='bbox 1891 2614 2077 2691; x_wconf 86' lang='lat' dir='ltr'><strong>alias</strong></span> <span class='ocrx_word' id='word_1_103' title='bbox 2132 2616 2195 2689; x_wconf 89' lang='lat' dir='ltr'><strong>si</strong></span> <span class='ocrx_word' id='word_1_104' title='bbox 2234 2617 2395 2711; x_wconf 92' lang='lat' dir='ltr'><strong>quis</strong></span> <span class='ocrx_word' id='word_1_105' title='bbox 2452 2616 2923 2690; x_wconf 89' lang='lat' dir='ltr'><strong>Dominorum</strong></span> <span class='ocrx_word' id='word_1_106' title='bbox 2976 2615 3125 2689; x_wconf 91' lang='lat' dir='ltr'><strong>illis</strong></span> <span class='ocrx_word' id='word_1_107' title='bbox 3180 2639 3321 2689; x_wconf 89' lang='lat' dir='ltr'><strong>non</strong></span> <span class='ocrx_word' id='word_1_108' title='bbox 3378 2617 3832 2709; x_wconf 81' lang='lat' dir='ltr'><strong>satisfecerit,</strong></span> 
     </span>
     <span class='ocr_line' id='line_1_15' title="bbox 929 2736 1908 2812; baseline 0 -1"><span class='ocrx_word' id='word_1_109' title='bbox 929 2757 1240 2812; x_wconf 87' lang='lat' dir='ltr'><strong>aseensu</strong></span> <span class='ocrx_word' id='word_1_110' title='bbox 1297 2736 1590 2811; x_wconf 91' lang='lat' dir='ltr'><strong>omnino</strong></span> <span class='ocrx_word' id='word_1_111' title='bbox 1646 2743 1908 2812; x_wconf 85' lang='lat' dir='ltr'><strong>eareat.</strong></span> 
     </span>
    </p>
   </div>
   <div class='ocr_carea' id='block_1_6' title="bbox 2192 2945 2689 3046">
    <p class='ocr_par' dir='ltr' id='par_1_6' title="bbox 2192 2945 2689 3046">
     <span class='ocr_line' id='line_1_16' title="bbox 2192 2945 2689 3046; baseline -0.004 0"><span class='ocrx_word' id='word_1_112' title='bbox 2192 2945 2565 3046; x_wconf 86' lang='lat' dir='ltr'><strong>CCXVI.</strong></span> <span class='ocrx_word' id='word_1_113' title='bbox 2686 2959 2689 2962; x_wconf 80' lang='grc'><strong><em>’</em></strong></span> 
     </span>
    </p>
   </div>
   <div class='ocr_carea' id='block_1_7' title="bbox 1015 3149 3744 3358">
    <p class='ocr_par' dir='ltr' id='par_1_7' title="bbox 1015 3149 3744 3358">
     <span class='ocr_line' id='line_1_17' title="bbox 1015 3149 3744 3255; baseline 0.001 -23"><span class='ocrx_word' id='word_1_114' title='bbox 1015 3150 1441 3236; x_wconf 74' lang='lat' dir='ltr'><strong>neclan-atio</strong></span> <span class='ocrx_word' id='word_1_115' title='bbox 1497 3149 1788 3235; x_wconf 78' lang='lat' dir='ltr'><strong>statuti</strong></span> <span class='ocrx_word' id='word_1_116' title='bbox 1842 3153 1937 3235; x_wconf 84' lang='lat' dir='ltr'><strong>de</strong></span> <span class='ocrx_word' id='word_1_117' title='bbox 1994 3151 2614 3243; x_wconf 79' lang='lat' dir='ltr'><strong>Processionibus</strong></span> <span class='ocrx_word' id='word_1_118' title='bbox 2671 3153 3009 3253; x_wconf 77' lang='lat' dir='ltr'><strong>tempore</strong></span> <span class='ocrx_word' id='word_1_119' title='bbox 3067 3151 3744 3255; x_wconf 74' lang='lat' dir='ltr'><strong>ssuadranesimae.</strong></span> 
     </span>
     <span class='ocr_line' id='line_1_18' title="bbox 1505 3273 3251 3358; baseline -0.001 -1"><span class='ocrx_word' id='word_1_120' title='bbox 1505 3274 1714 3357; x_wconf 75' lang='lat' dir='ltr'><strong>Anno</strong></span> <span class='ocrx_word' id='word_1_121' title='bbox 1771 3273 2039 3357; x_wconf 81' lang='lat' dir='ltr'><strong>Domini</strong></span> <span class='ocrx_word' id='word_1_122' title='bbox 2096 3274 2287 3357; x_wconf 84' lang='grc'><strong>1610.</strong></span> <span class='ocrx_word' id='word_1_123' title='bbox 2346 3276 2474 3356; x_wconf 85' lang='lat' dir='ltr'><strong>Die</strong></span> <span class='ocrx_word' id='word_1_124' title='bbox 2529 3274 2872 3356; x_wconf 67' lang='lat' dir='ltr'><strong>mercurii</strong></span> <span class='ocrx_word' id='word_1_125' title='bbox 2930 3276 3006 3357; x_wconf 81' lang='grc'><strong>12</strong></span> <span class='ocrx_word' id='word_1_126' title='bbox 3063 3275 3251 3358; x_wconf 72' lang='lat' dir='ltr'><strong>maii.</strong></span> 
     </span>
    </p>
   </div>
   <div class='ocr_carea' id='block_1_8' title="bbox 835 3464 3834 4544">
    <p class='ocr_par' dir='ltr' id='par_1_8' title="bbox 835 3464 3834 4544">
     <span class='ocr_line' id='line_1_19' title="bbox 1131 3464 3825 3566; baseline 0.002 -25"><span class='ocrx_word' id='word_1_127' title='bbox 1131 3464 1486 3543; x_wconf 87' lang='lat' dir='ltr'><strong>Statutum</strong></span> <span class='ocrx_word' id='word_1_128' title='bbox 1521 3468 1986 3545; x_wconf 90' lang='lat' dir='ltr'><strong>Venerabilis</strong></span> <span class='ocrx_word' id='word_1_129' title='bbox 2023 3467 2343 3566; x_wconf 85' lang='lat' dir='ltr'><strong>Capituli</strong></span> <span class='ocrx_word' id='word_1_130' title='bbox 2380 3467 2768 3565; x_wconf 90' lang='lat' dir='ltr'><strong>antiquum,</strong></span> <span class='ocrx_word' id='word_1_131' title='bbox 2806 3468 2881 3541; x_wconf 87' lang='lat' dir='ltr'><strong>in</strong></span> <span class='ocrx_word' id='word_1_132' title='bbox 2917 3467 3131 3543; x_wconf 90' lang='lat' dir='ltr'><strong>Anno</strong></span> <span class='ocrx_word' id='word_1_133' title='bbox 3176 3467 3395 3565; x_wconf 82' lang='lat'><strong>1554,</strong></span> <span class='ocrx_word' id='word_1_134' title='bbox 3437 3471 3555 3544; x_wconf 90' lang='lat' dir='ltr'><strong>die</strong></span> <span class='ocrx_word' id='word_1_135' title='bbox 3594 3470 3645 3541; x_wconf 89' lang='grc'><strong>7</strong></span> <span class='ocrx_word' id='word_1_136' title='bbox 3684 3472 3825 3546; x_wconf 82' lang='lat' dir='ltr'><strong>Fe-</strong></span> 
     </span>
     <span class='ocr_line' id='line_1_20' title="bbox 921 3572 3829 3687; baseline -0 -19"><span class='ocrx_word' id='word_1_137' title='bbox 921 3588 1192 3669; x_wconf 86' lang='lat' dir='ltr'><strong>bruarii</strong></span> <span class='ocrx_word' id='word_1_138' title='bbox 1243 3590 1490 3684; x_wconf 89' lang='lat' dir='ltr'><strong>latum,</strong></span> <span class='ocrx_word' id='word_1_139' title='bbox 1547 3600 1626 3663; x_wconf 88' lang='lat' dir='ltr'><strong>ut</strong></span> <span class='ocrx_word' id='word_1_140' title='bbox 1679 3590 1935 3665; x_wconf 88' lang='lat' dir='ltr'><strong>diebus</strong></span> <span class='ocrx_word' id='word_1_141' title='bbox 1991 3590 2779 3687; x_wconf 78' lang='lat' dir='ltr'><strong>quadragesimalibus,</strong></span> <span class='ocrx_word' id='word_1_142' title='bbox 2847 3591 3107 3687; x_wconf 91' lang='lat' dir='ltr'><strong>quibus</strong></span> <span class='ocrx_word' id='word_1_143' title='bbox 3162 3593 3430 3667; x_wconf 83' lang='lat' dir='ltr'><strong>arctius</strong></span> <span class='ocrx_word' id='word_1_144' title='bbox 3482 3572 3829 3669; x_wconf 85' lang='lat' dir='ltr'><strong>ieiunium</strong></span> 
     </span>
     <span class='ocr_line' id='line_1_21' title="bbox 835 3711 3831 3808; baseline 0.002 -22"><span class='ocrx_word' id='word_1_145' title='bbox 835 3779 844 3787; x_wconf 91' lang='lat'><strong>.</strong></span> <span class='ocrx_word' id='word_1_146' title='bbox 922 3714 1368 3806; x_wconf 88' lang='lat' dir='ltr'><strong>observatur,</strong></span> <span class='ocrx_word' id='word_1_147' title='bbox 1427 3711 1766 3788; x_wconf 87' lang='lat' dir='ltr'><strong>videlieet</strong></span> <span class='ocrx_word' id='word_1_148' title='bbox 1818 3712 2040 3787; x_wconf 88' lang='lat' dir='ltr'><strong>Feria</strong></span> <span class='ocrx_word' id='word_1_149' title='bbox 2086 3714 2424 3807; x_wconf 84' lang='lat' dir='ltr'><strong>secunda,</strong></span> <span class='ocrx_word' id='word_1_150' title='bbox 2484 3722 2737 3808; x_wconf 89' lang='lat' dir='ltr'><strong>quarta</strong></span> <span class='ocrx_word' id='word_1_151' title='bbox 2774 3721 2846 3787; x_wconf 89' lang='lat' dir='ltr'><strong>et</strong></span> <span class='ocrx_word' id='word_1_152' title='bbox 2884 3722 3107 3806; x_wconf 83' lang='lat' dir='ltr'><strong>sexta,</strong></span> <span class='ocrx_word' id='word_1_153' title='bbox 3167 3713 3628 3789; x_wconf 79' lang='lat' dir='ltr'><strong>processioni</strong></span> <span class='ocrx_word' id='word_1_154' title='bbox 3670 3742 3831 3791; x_wconf 88' lang='lat' dir='ltr'><strong>eum</strong></span> 
     </span>
     <span class='ocr_line' id='line_1_22' title="bbox 918 3832 3833 3933; baseline 0.002 -26"><span class='ocrx_word' id='word_1_155' title='bbox 918 3834 1226 3911; x_wconf 88' lang='lat' dir='ltr'><strong>Litaniis</strong></span> <span class='ocrx_word' id='word_1_156' title='bbox 1280 3843 1350 3910; x_wconf 88' lang='lat' dir='ltr'><strong>et</strong></span> <span class='ocrx_word' id='word_1_157' title='bbox 1403 3832 1753 3910; x_wconf 84' lang='lat' dir='ltr'><strong>Concioni</strong></span> <span class='ocrx_word' id='word_1_158' title='bbox 1809 3834 2035 3910; x_wconf 84' lang='lat' dir='ltr'><strong>Verbi</strong></span> <span class='ocrx_word' id='word_1_159' title='bbox 2104 3836 2351 3910; x_wconf 87' lang='lat' dir='ltr'><strong>Divini</strong></span> <span class='ocrx_word' id='word_1_160' title='bbox 2404 3858 2545 3909; x_wconf 90' lang='lat' dir='ltr'><strong>non</strong></span> <span class='ocrx_word' id='word_1_161' title='bbox 2600 3836 3113 3909; x_wconf 87' lang='lat' dir='ltr'><strong>interessentes</strong></span> <span class='ocrx_word' id='word_1_162' title='bbox 3185 3838 3468 3929; x_wconf 86' lang='lat' dir='ltr'><strong>grossis</strong></span> <span class='ocrx_word' id='word_1_163' title='bbox 3524 3840 3833 3933; x_wconf 89' lang='lat' dir='ltr'><strong>quinde-</strong></span> 
     </span>
     <span class='ocr_line' id='line_1_23' title="bbox 920 3956 3834 4055; baseline 0.001 -24"><span class='ocrx_word' id='word_1_164' title='bbox 920 3956 1056 4032; x_wconf 89' lang='lat' dir='ltr'><strong>eim</strong></span> <span class='ocrx_word' id='word_1_165' title='bbox 1112 3958 1548 4055; x_wconf 88' lang='lat' dir='ltr'><strong>punirentur,</strong></span> <span class='ocrx_word' id='word_1_166' title='bbox 1639 3958 2051 4033; x_wconf 87' lang='lat' dir='ltr'><strong>Reverendi</strong></span> <span class='ocrx_word' id='word_1_167' title='bbox 2104 3958 2399 4031; x_wconf 89' lang='lat' dir='ltr'><strong>Domini</strong></span> <span class='ocrx_word' id='word_1_168' title='bbox 2454 3958 2939 4031; x_wconf 81' lang='lat' dir='ltr'><strong>renovandum</strong></span> <span class='ocrx_word' id='word_1_169' title='bbox 2993 3965 3065 4031; x_wconf 88' lang='lat' dir='ltr'><strong>et</strong></span> <span class='ocrx_word' id='word_1_170' title='bbox 3119 3958 3646 4033; x_wconf 83' lang='lat' dir='ltr'><strong>extendendum</strong></span> <span class='ocrx_word' id='word_1_171' title='bbox 3708 3962 3834 4035; x_wconf 89' lang='lat' dir='ltr'><strong>de-</strong></span> 
     </span>
     <span class='ocr_line' id='line_1_24' title="bbox 917 4078 3831 4176; baseline 0.002 -23"><span class='ocrx_word' id='word_1_172' title='bbox 917 4087 1332 4155; x_wconf 75' lang='lat' dir='ltr'><strong>creverunt:</strong></span> <span class='ocrx_word' id='word_1_173' title='bbox 1389 4081 1623 4175; x_wconf 88' lang='lat' dir='ltr'><strong>utqui</strong></span> <span class='ocrx_word' id='word_1_174' title='bbox 1676 4079 2045 4176; x_wconf 79' lang='lat' dir='ltr'><strong>praedicta</strong></span> <span class='ocrx_word' id='word_1_175' title='bbox 2100 4080 2593 4153; x_wconf 79' lang='lat' dir='ltr'><strong>consolatione</strong></span> <span class='ocrx_word' id='word_1_176' title='bbox 2644 4078 2967 4173; x_wconf 86' lang='lat' dir='ltr'><strong>gaudere</strong></span> <span class='ocrx_word' id='word_1_177' title='bbox 3019 4080 3347 4173; x_wconf 88' lang='lat' dir='ltr'><strong>voluerit,</strong></span> <span class='ocrx_word' id='word_1_178' title='bbox 3404 4106 3545 4155; x_wconf 89' lang='lat' dir='ltr'><strong>non</strong></span> <span class='ocrx_word' id='word_1_179' title='bbox 3586 4084 3831 4158; x_wconf 90' lang='lat' dir='ltr'><strong>solum</strong></span> 
     </span>
     <span class='ocr_line' id='line_1_25' title="bbox 916 4198 3831 4294; baseline 0.001 -20"><span class='ocrx_word' id='word_1_180' title='bbox 916 4200 1414 4294; x_wconf 81' lang='lat' dir='ltr'><strong>Processioni,</strong></span> <span class='ocrx_word' id='word_1_181' title='bbox 1473 4202 1602 4277; x_wconf 85' lang='lat' dir='ltr'><strong>sed</strong></span> <span class='ocrx_word' id='word_1_182' title='bbox 1659 4203 1871 4276; x_wconf 88' lang='lat' dir='ltr'><strong>etiam</strong></span> <span class='ocrx_word' id='word_1_183' title='bbox 1925 4202 2200 4277; x_wconf 86' lang='lat' dir='ltr'><strong>Missae</strong></span> <span class='ocrx_word' id='word_1_184' title='bbox 2257 4199 2589 4276; x_wconf 86' lang='lat' dir='ltr'><strong>Summae</strong></span> <span class='ocrx_word' id='word_1_185' title='bbox 2646 4212 2717 4273; x_wconf 91' lang='lat' dir='ltr'><strong>et</strong></span> <span class='ocrx_word' id='word_1_186' title='bbox 2770 4198 3121 4275; x_wconf 87' lang='lat' dir='ltr'><strong>Coneioni</strong></span> <span class='ocrx_word' id='word_1_187' title='bbox 3174 4202 3524 4277; x_wconf 87' lang='lat' dir='ltr'><strong>interesse</strong></span> <span class='ocrx_word' id='word_1_188' title='bbox 3578 4212 3831 4279; x_wconf 85' lang='lat' dir='ltr'><strong>tenea·</strong></span> 
     </span>
     <span class='ocr_line' id='line_1_26' title="bbox 913 4323 3833 4423; baseline 0.001 -26"><span class='ocrx_word' id='word_1_189' title='bbox 913 4331 1052 4418; x_wconf 89' lang='lat' dir='ltr'><strong>tur,</strong></span> <span class='ocrx_word' id='word_1_190' title='bbox 1108 4326 1448 4400; x_wconf 89' lang='lat' dir='ltr'><strong>absentes</strong></span> <span class='ocrx_word' id='word_1_191' title='bbox 1499 4348 1672 4399; x_wconf 85' lang='lat' dir='ltr'><strong>vero</strong></span> <span class='ocrx_word' id='word_1_192' title='bbox 1727 4348 1960 4421; x_wconf 90' lang='lat' dir='ltr'><strong>poena</strong></span> <span class='ocrx_word' id='word_1_193' title='bbox 2012 4325 2439 4423; x_wconf 84' lang='lat' dir='ltr'><strong>privationis</strong></span> <span class='ocrx_word' id='word_1_194' title='bbox 2512 4324 2862 4397; x_wconf 80' lang='lat' dir='ltr'><strong>dictorum</strong></span> <span class='ocrx_word' id='word_1_195' title='bbox 2918 4323 3321 4419; x_wconf 76' lang='lat' dir='ltr'><strong>quindecim</strong></span> <span class='ocrx_word' id='word_1_196' title='bbox 3397 4347 3833 4419; x_wconf 85' lang='lat' dir='ltr'><strong>grossorum</strong></span> 
     </span>
     <span class='ocr_line' id='line_1_27' title="bbox 913 4444 1316 4544; baseline 0.005 -24"><span class='ocrx_word' id='word_1_197' title='bbox 913 4444 1316 4544; x_wconf 88' lang='lat' dir='ltr'><strong>puniantur.</strong></span> 
     </span>
    </p>
   </div>
   <div class='ocr_carea' id='block_1_9' title="bbox 2149 4638 2569 4739">
    <p class='ocr_par' dir='ltr' id='par_1_9' title="bbox 2149 4638 2569 4739">
     <span class='ocr_line' id='line_1_28' title="bbox 2149 4638 2569 4739; baseline -0.005 0"><span class='ocrx_word' id='word_1_198' title='bbox 2149 4638 2569 4739; x_wconf 86' lang='lat' dir='ltr'><strong>CCXVII.</strong></span> 
     </span>
    </p>
   </div>
   <div class='ocr_carea' id='block_1_10' title="bbox 910 4826 3833 5200">
    <p class='ocr_par' dir='ltr' id='par_1_10' title="bbox 910 4826 3833 5200">
     <span class='ocr_line' id='line_1_29' title="bbox 914 4826 3833 4945; baseline 0.002 -37"><span class='ocrx_word' id='word_1_199' title='bbox 914 4827 986 4910; x_wconf 84' lang='lat' dir='ltr'><strong>ln</strong></span> <span class='ocrx_word' id='word_1_200' title='bbox 1042 4826 1284 4911; x_wconf 79' lang='lat' dir='ltr'><strong>literis</strong></span> <span class='ocrx_word' id='word_1_201' title='bbox 1350 4830 1820 4913; x_wconf 82' lang='lat' dir='ltr'><strong>donationum</strong></span> <span class='ocrx_word' id='word_1_202' title='bbox 1887 4828 2501 4945; x_wconf 71' lang='lat' dir='ltr'><strong>Advocatiarum,</strong></span> <span class='ocrx_word' id='word_1_203' title='bbox 2566 4826 3145 4927; x_wconf 64' lang='lat' dir='ltr'><strong>scalmum-um,</strong></span> <span class='ocrx_word' id='word_1_204' title='bbox 3219 4828 3833 4931; x_wconf 71' lang='lat' dir='ltr'><strong>molendinorum,</strong></span> 
     </span>
     <span class='ocr_line' id='line_1_30' title="bbox 910 4948 3833 5053; baseline 0.002 -23"><span class='ocrx_word' id='word_1_205' title='bbox 910 4948 1416 5035; x_wconf 82' lang='lat' dir='ltr'><strong>Tabernarum</strong></span> <span class='ocrx_word' id='word_1_206' title='bbox 1501 4955 1653 5036; x_wconf 82' lang='lat' dir='ltr'><strong>ete.</strong></span> <span class='ocrx_word' id='word_1_207' title='bbox 1732 4954 1974 5035; x_wconf 83' lang='lat' dir='ltr'><strong>omnia</strong></span> <span class='ocrx_word' id='word_1_208' title='bbox 2048 4951 2573 5053; x_wconf 81' lang='lat' dir='ltr'><strong>exprimantur,</strong></span> <span class='ocrx_word' id='word_1_209' title='bbox 2648 4967 2786 5031; x_wconf 82' lang='lat' dir='ltr'><strong>nec</strong></span> <span class='ocrx_word' id='word_1_210' title='bbox 2861 4950 3085 5031; x_wconf 79' lang='lat' dir='ltr'><strong>aliter</strong></span> <span class='ocrx_word' id='word_1_211' title='bbox 3158 4969 3300 5032; x_wconf 84' lang='lat' dir='ltr'><strong>eas</strong></span> <span class='ocrx_word' id='word_1_212' title='bbox 3371 4949 3833 5035; x_wconf 72' lang='lat' dir='ltr'><strong>Venerabile</strong></span> 
     </span>
     <span class='ocr_line' id='line_1_31' title="bbox 1196 5071 3522 5200; baseline -0.002 -44"><span class='ocrx_word' id='word_1_213' title='bbox 1196 5073 1599 5176; x_wconf 74' lang='lat' dir='ltr'><strong>capitulum</strong></span> <span class='ocrx_word' id='word_1_214' title='bbox 1655 5074 2049 5200; x_wconf 80' lang='lat' dir='ltr'><strong>approbet.</strong></span> <span class='ocrx_word' id='word_1_215' title='bbox 2105 5074 2312 5156; x_wconf 71' lang='lat' dir='ltr'><strong>Anno</strong></span> <span class='ocrx_word' id='word_1_216' title='bbox 2371 5072 2554 5155; x_wconf 79' lang='grc'><strong>1610.</strong></span> <span class='ocrx_word' id='word_1_217' title='bbox 2613 5072 2741 5153; x_wconf 83' lang='lat' dir='ltr'><strong>Die</strong></span> <span class='ocrx_word' id='word_1_218' title='bbox 2797 5071 3138 5154; x_wconf 71' lang='lat' dir='ltr'><strong>mercurii</strong></span> <span class='ocrx_word' id='word_1_219' title='bbox 3196 5074 3275 5156; x_wconf 87' lang='grc'><strong>12</strong></span> <span class='ocrx_word' id='word_1_220' title='bbox 3333 5072 3522 5153; x_wconf 71' lang='lat' dir='ltr'><strong>maii.</strong></span> 
     </span>
    </p>
   </div>
   <div class='ocr_carea' id='block_1_11' title="bbox 905 5265 3835 5487">
    <p class='ocr_par' dir='ltr' id='par_1_11' title="bbox 905 5265 3835 5487">
     <span class='ocr_line' id='line_1_32' title="bbox 1118 5265 3835 5371; baseline 0.001 -29"><span class='ocrx_word' id='word_1_221' title='bbox 1118 5265 1299 5343; x_wconf 87' lang='lat' dir='ltr'><strong>Oum</strong></span> <span class='ocrx_word' id='word_1_222' title='bbox 1353 5268 1770 5365; x_wconf 87' lang='lat' dir='ltr'><strong>frequentes</strong></span> <span class='ocrx_word' id='word_1_223' title='bbox 1823 5268 2367 5371; x_wconf 82' lang='lat' dir='ltr'><strong>controversiae</strong></span> <span class='ocrx_word' id='word_1_224' title='bbox 2410 5268 2485 5341; x_wconf 89' lang='lat' dir='ltr'><strong>in</strong></span> <span class='ocrx_word' id='word_1_225' title='bbox 2540 5266 2901 5365; x_wconf 71' lang='lat' dir='ltr'><strong>Capitulo⁸</strong></span> <span class='ocrx_word' id='word_1_226' title='bbox 2950 5266 3143 5341; x_wconf 88' lang='lat' dir='ltr'><strong>eirea</strong></span> <span class='ocrx_word' id='word_1_227' title='bbox 3198 5288 3632 5341; x_wconf 88' lang='lat' dir='ltr'><strong>eonsensum</strong></span> <span class='ocrx_word' id='word_1_228' title='bbox 3694 5292 3835 5367; x_wconf 90' lang='lat' dir='ltr'><strong>pro</strong></span> 
     </span>
     <span class='ocr_line' id='line_1_33' title="bbox 905 5388 3833 5487; baseline -0.001 -18"><span class='ocrx_word' id='word_1_229' title='bbox 905 5390 1354 5487; x_wconf 81' lang='lat' dir='ltr'><strong>Advocatiis‚</strong></span> <span class='ocrx_word' id='word_1_230' title='bbox 1410 5389 1811 5487; x_wconf 84' lang='lat' dir='ltr'><strong>Seultetiis‚</strong></span> <span class='ocrx_word' id='word_1_231' title='bbox 1871 5391 2211 5467; x_wconf 84' lang='lat' dir='ltr'><strong>Offieiuis</strong></span> <span class='ocrx_word' id='word_1_232' title='bbox 2264 5390 2663 5465; x_wconf 89' lang='lat' dir='ltr'><strong>minerariis</strong></span> <span class='ocrx_word' id='word_1_233' title='bbox 2714 5398 2787 5463; x_wconf 85' lang='lat' dir='ltr'><strong>et</strong></span> <span class='ocrx_word' id='word_1_234' title='bbox 2838 5388 2913 5462; x_wconf 87' lang='lat' dir='ltr'><strong>id</strong></span> <span class='ocrx_word' id='word_1_235' title='bbox 2948 5412 3183 5484; x_wconf 85' lang='lat' dir='ltr'><strong>genus</strong></span> <span class='ocrx_word' id='word_1_236' title='bbox 3238 5389 3401 5463; x_wconf 89' lang='lat' dir='ltr'><strong>aliis</strong></span> <span class='ocrx_word' id='word_1_237' title='bbox 3454 5414 3503 5463; x_wconf 91' lang='lat' dir='ltr'><strong>a</strong></span> <span class='ocrx_word' id='word_1_238' title='bbox 3554 5389 3833 5467; x_wconf 86' lang='lat' dir='ltr'><strong>Mensa</strong></span> 
     </span>
    </p>
   </div>
  </div>
 </body>
</html>
