4055 6364
1925 1832 2805 1960 COMBINATIO

927 2070 2027 2209 STATUTO
2078 2070 2592 2214 RUM
2717 2069 3810 2208 CAPITULI

1140 2312 1283 2387 AD
1337 2311 2158 2405 UNAMQUAMQUE
2213 2311 2758 2388 MATERIAM
2815 2311 3600 2387 PERTINENTIUM

926 2502 1061 2576 Aulin
1104 2500 1365 2577 Hilleiimo
1412 2500 1833 2586 Senlillgenieiimo
1882 2500 2056 2577 118thss
2095 2502 2269 2587 ilsslflw,
2313 2501 2364 2575 ili
2401 2500 2608 2585 Gflnimlo
2653 2500 2870 2581 generali
2916 2500 2990 2575 ilie
3029 2499 3291 2576 duodecim
3329 2500 3508 2576 meliis
3540 2500 3656 2577 llll
3689 2499 3816 2574 itti:-

1636 2847 1919 2918 occasio
1966 2848 2158 2918 huius
2205 2847 2716 2919 commeationis
2761 2846 3130 2919 faciendae.

1136 3036 1447 3117 Quoniam
1495 3038 1809 3105 Statutum
1858 3040 2024 3118 LXI,
2079 3058 2194 3105 nec
2240 3059 2362 3106 non
2407 3040 2674 3106 Decreta
2713 3040 3162 3105 visitationum
3209 3059 3322 3122 per
3356 3040 3812 3107 Illustrissimos

927 3140 1075 3208 Loci
1114 3140 1474 3210 ordinarios
1548 3144 1761 3209 stricte
1827 3144 2110 3228 obligent
2174 3142 2324 3224 Nos,
2391 3148 2464 3210 ut
2508 3145 2624 3210 sub
2670 3144 2920 3210 initium
2985 3144 3258 3212 cuiusvis
3314 3143 3612 3229 Capituli,
3679 3145 3813 3209 ante

930 3247 1085 3310 elios
1134 3249 1525 3329 negotiorum
1571 3250 1876 3314 tractatus
1944 3249 2238 3332 legantur
2304 3269 2552 3332 semper
2598 3250 2808 3314 omnia
2855 3247 3128 3328 statuta,
3190 3268 3378 3332 super
3423 3251 3646 3332 quibus
3688 3266 3815 3312 ser·

928 3349 1149 3415 vandis
1197 3351 1361 3416 circa
1406 3350 1872 3418 installationes
1916 3353 2217 3432 iuramm,
2268 3353 2454 3436 idque
2501 3373 2576 3418 eo
2613 3352 2758 3431 fine,
2809 3355 2881 3418 ut
2925 3355 3040 3419 hac
3075 3355 3315 3418 ratione
3361 3353 3612 3417 refricet
3652 3351 3814 3434 qnis-

932 3473 1050 3536 que
1098 3453 1217 3520 sibi
1286 3457 1651 3521 memoriam
1697 3455 2060 3535 vocationis,
2132 3475 2254 3539 qua
2318 3458 2397 3521 ad
2443 3457 2562 3522 hoc
2607 3456 2864 3522 Sacrum
2919 3455 3271 3540 Collegium
3315 3459 3526 3522 vocati
3571 3473 3813 3530 snmns3

930 3557 1077 3622 talis
1124 3559 1334 3623 autem
1395 3559 1635 3624 lectura
1699 3557 2090 3625 Statutorum
2114 3609 2132 3642 ,
2200 3577 2360 3643 quae
2403 3560 2470 3624 in
2514 3560 2806 3626 volumen
2863 3560 3285 3645 excreverunt,
3351 3561 3484 3625 sine
3533 3557 3818 3643 temporis

932 3661 1172 3745 aliquot
1218 3661 1461 3728 dierum
1506 3662 1724 3745 perfici
1768 3682 1891 3728 non
1931 3662 2164 3746 possit:
2215 3663 2452 3746 placuit
2495 3665 2812 3745 praesenti
2857 3664 3132 3748 generali
3178 3662 3468 3746 capitulo
3505 3683 3632 3729 rem
3669 3663 3818 3727 hanc

935 3766 1047 3830 tali
1096 3766 1466 3848 compendio
1512 3785 1718 3850 agere,
1790 3767 2086 3832 nimirum
2132 3768 2299 3832 facta
2347 3768 2748 3833 distinctione
2797 3767 3187 3833 Staiutorum
3231 3767 3297 3832 in
3341 3766 3472 3832 tres
3519 3765 3819 3849 cathego-

932 3871 1077 3948 rias,
1142 3889 1405 3953 quarum
1454 3870 1656 3954 prima
1702 3871 2022 3936 contineat
2065 3871 2318 3937 Statuta
2362 3891 2474 3954 per
2519 3891 2585 3936 se
2635 3871 2802 3936 clara
2849 3873 2911 3936 et
2955 3873 3305 3950 observata,
3371 3871 3572 3935 altera
3617 3871 3821 3935 disusu

933 3983 997 4039 et
1042 3974 1492 4055 posterioribus
1538 3973 1801 4039 Statutis
1849 3976 2184 4058 abrogata:
2236 3977 2300 4040 et
2337 3975 2558 4038 harum
2604 3974 2824 4040 ambae
2865 3973 3274 4061 Cethegoriae
3320 3973 3612 4059 legantur
3647 3991 3818 4058 syno-

936 4079 1101 4160 ptice
1146 4096 1289 4142 cum
1337 4079 1758 4161 expressione,
1810 4097 1932 4161 quo
1978 4078 2130 4143 folio
2179 4078 2264 4143 sit
2307 4078 2800 4162 unumquodque
2850 4080 3067 4144 talium
3115 4080 3530 4162 statutorum,
3579 4081 3644 4144 et
3685 4075 3820 4162 qnid

937 4181 1277 4247 contineat.
1347 4181 1562 4248 Tertia
1622 4183 1875 4247 demum
1922 4180 2302 4266 cathegorie
2347 4185 2669 4247 enumeret
2715 4201 2790 4248 ea
2835 4183 3106 4262 Statum,
3176 4202 3335 4265 quae
3380 4201 3492 4266 pro
3537 4183 3820 4248 varietate

934 4287 1289 4367 temporum
1328 4289 1389 4351 et
1427 4305 1629 4351 rerum
1679 4286 2027 4351 mutatione
2076 4286 2495 4352 diversimode
2532 4287 2981 4368 posterioribus
3021 4286 3284 4352 Statutis
3323 4287 3471 4352 sunt
3507 4287 3817 4369 explicata,

936 4393 1217 4454 correcta
1263 4392 1327 4454 et
1364 4389 1759 4457 modificata:
1800 4393 1864 4455 et
1898 4389 2053 4455 haec
2088 4390 2386 4474 leguntur
2429 4391 2670 4473 integre
2707 4407 2820 4471 pro
2858 4389 3312 4456 illuminatione
3349 4391 3822 4472 uniuscuiusque

934 4493 998 4557 in
1046 4494 1563 4577 perplexitatibus
1612 4493 2102 4559 occurrentibus

1110 4701 1205 4770 Ac
1251 4701 1314 4770 in
1362 4699 1586 4786 primis
1642 4701 1724 4770 ad
1771 4698 2234 4786 Gatheuoriam
2296 4701 2562 4787 primam
2611 4700 3010 4787 pertinentia
3053 4699 3325 4770 statuta
3369 4700 3430 4769 in
3475 4699 3665 4769 viridi

1620 4804 2092 4875 observatione
2138 4803 2520 4887 existentia,
2569 4804 2736 4875 haec
2781 4804 3161 4891 sequuntur.

1147 4978 1259 5044 De
1306 4977 1673 5061 Vigiliis
1730 4978 1804 5044 et
1847 4978 2118 5044 Missis
2167 4978 2520 5056 maturi8‚
2589 4997 2728 5060 per
2770 4979 3129 5044 Vicarios
3186 4978 3521 5060 singulis
3568 4976 3828 5042 diebus

940 5082 1365 5148 cantandis
1429 5101 1559 5164 pro
1614 5082 2257 5147 benefactoribus
2323 5082 2545 5146 huius
2612 5081 3017 5148 Ecclesiae
3100 5081 3358 5166 (Statut.
3416 5080 3528 5162 ΙΙ),
3599 5099 3707 5162 per
3769 5097 3830 5144 se

941 5187 1176 5252 clarum
1222 5187 1322 5251 est
1365 5187 1428 5251 et
1472 5187 1891 5270 punctualiter
1936 5186 2318 5251 observatur.
2351 5281 2360 5290 ο
