4055 6364
1418 770 1969 845 —247—

452 972 699 1048 Habet
726 972 1296 1063 Vicecantorem,
1338 978 1459 1071 qui
1502 978 1575 1049 in
1613 977 2054 1051 intonatione
2111 978 2654 1075 antiphonarum
2696 978 2872 1050 etin
2914 978 3133 1051 choro

242 1096 589 1189 regendo,
648 1106 1087 1192 accentuque
1144 1098 1599 1191 moderando,
1658 1101 1813 1175 eius
1868 1110 2111 1197 partes
2163 1100 2434 1197 implet.
2491 1101 2570 1173 In
2613 1100 2768 1173 eius
2806 1100 3134 1173 absentia

242 1216 465 1290 alium
520 1241 1013 1315 quemcunque
1070 1221 1331 1316 poterit
1382 1222 1841 1296 substituere.

452 1338 543 1413 R.
573 1341 670 1413 D.
728 1340 994 1415 Custos
1050 1365 1178 1416 seu
1232 1343 1783 1435 Thesaurarius,
1840 1352 2089 1418 sextus
2141 1344 2214 1417 in
2273 1342 2608 1417 Ecclesia
2662 1340 3134 1417 Cracoviensi

242 1460 659 1553 Praelatus,
716 1463 935 1537 habet
988 1488 1253 1549 curam„
1302 1489 1664 1542 sacrorum
1721 1489 2053 1541 vasorum
2111 1476 2182 1539 et
2235 1466 2853 1556 vestimentorum,
2927 1466 3132 1539 lumi-

242 1584 557 1675 narium,
632 1586 801 1659 item
855 1588 1065 1682 panis
1124 1596 1194 1659 et
1248 1588 1433 1679 vini,
1503 1596 1579 1661 ut
1630 1612 1675 1660 a
1728 1586 2066 1685 Capitulo
2122 1610 2251 1684 pro
2306 1587 2736 1661 necessitate
2789 1567 3130 1683 suppedi-

241 1712 521 1801 tentur3
578 1716 651 1779 et
703 1708 1031 1802 quamvis
1102 1707 1540 1783 Venerabile
1600 1707 2007 1805 Capitulum
2071 1707 2598 1783 Vicecustodes
2651 1708 2834 1782 duos
2887 1708 3130 1803 eligat,

240 1829 367 1923 qui
422 1828 601 1903 haec
660 1852 879 1903 onera
952 1832 1109 1905 eius
1179 1832 1343 1907 loco
1395 1832 1735 1928 implent:
1812 1839 2046 1905 tamen
2101 1831 2226 1905 ille
2279 1854 2412 1928 pro
2467 1854 2683 1905 onere
2733 1852 2864 1905 suo
2921 1829 3136 1905 debet

240 1973 403 2023 cum
462 1949 945 2026 Procuratore
1004 1951 1320 2049 Capituli
1392 1954 1698 2047 singulis
1753 1952 2080 2043 Quatuor
2140 1953 2576 2049 temporibus
2629 1952 2926 2027 visitare
2978 1953 3130 2026 the·

238 2094 553 2164 sauram,
611 2072 857 2147 videre
912 2097 1097 2169 quae
1150 2076 1294 2149 sint
1346 2075 1771 2172 reparanda,
1828 2074 2237 2149 mundanda
2291 2084 2427 2148 etc.

449 2193 694 2269 Habet
762 2195 1325 2270 iurisdictionem
1396 2197 1469 2269 in
1535 2194 2033 2287 Sanctuarios‚
2106 2195 2229 2292 qui
2281 2203 2360 2271 ut
2411 2204 2775 2270 tonsuram
2833 2196 3129 2270 clerica-

235 2316 381 2389 lem
440 2326 513 2391 et
562 2317 879 2392 habitum
938 2342 981 2391 a
1035 2318 1246 2392 laicis
1302 2318 1663 2392 diversum
1718 2318 2062 2411 deferant,
2121 2317 2420 2391 curabit.
2830 2310 2837 2317 ’

450 2436 723 2513 Omnes
775 2440 847 2513 in
906 2441 1313 2515 universum
1372 2440 1690 2514 Praelati
1744 2449 1817 2514 et
1870 2438 2250 2530 Canonici‚
2305 2438 2475 2534 quia
2529 2447 2695 2513 sunt
2748 2439 3129 2515 luminaria

233 2560 623 2634 Dioecesis
694 2568 769 2635 et
838 2558 1147 2636 Senatus
1217 2561 1631 2653 Ecclesiae,
1708 2563 1779 2636 in
1838 2562 2086 2658 primis
2156 2562 2588 2635 residentiae
2670 2585 2844 2637 suae
2917 2562 3130 2634 annis

232 2681 395 2755 iura
450 2690 523 2755 et
572 2682 944 2757 libertates
996 2682 1381 2759 Ecclesiae
1434 2683 1820 2779 diligenter
1872 2685 2246 2757 evolvant:
2305 2684 2493 2780 quod
2551 2685 2763 2759 etiam
2819 2708 2912 2758 ex
2967 2680 3129 2758 Sta-

232 2810 413 2895 tuto,
473 2805 704 2901 primo
762 2803 1151 2881 Generalis
1204 2804 1523 2903 Capituli
1578 2806 1697 2880 die
1758 2806 2005 2879 facere
2060 2814 2427 2901 tenentur3
2485 2806 2953 2899 orationibus,
3013 2830 3128 2880 sa-

234 2926 531 3001 crificiis
587 2936 659 2999 et
711 2926 875 3001 aliis
930 2929 1071 3025 piis
1129 2929 1489 3002 exercitiis
1538 2937 1815 3021 vacent,
1874 2936 1951 3002 ut
2004 2928 2150 3002 sint
2203 2928 2277 3001 in
2330 2928 2902 3003 aedificationem
2956 2928 3128 3003 reli-

232 3070 379 3143 quo
436 3046 673 3140 Clero,
724 3058 797 3123 et
848 3051 1039 3124 omni
1093 3051 1360 3147 populo
1414 3071 1554 3124 non
1598 3032 1681 3123 ‘in
1720 3048 2298 3123 destructionem.

445 3170 613 3247 Non
667 3170 1111 3260 dubitamus,
1188 3195 1438 3246 omnes
1491 3178 1563 3245 et
1617 3171 1941 3266 singulos
1994 3170 2240 3247 Horas
2296 3174 2684 3248 canonicas
2736 3180 3004 3246 attente
3059 3182 3132 3246 et

232 3291 495 3368 devote
552 3317 591 3366 e
646 3292 1019 3368 Breviario
1074 3294 1399 3368 Romano
1474 3295 1924 3387 recitaturos,
1999 3318 2158 3369 cum
2215 3294 2308 3368 ad
2361 3295 2501 3370 hoc
2555 3295 2766 3369 electi
2820 3295 2998 3386 sint,
3055 3304 3131 3368 ut

231 3439 363 3511 pro
419 3415 686 3512 populo
742 3425 983 3490 orent:
1042 3427 1113 3490 et
1166 3418 1288 3512 qui
1343 3440 1483 3491 non
1540 3425 1765 3506 orant,
1824 3418 2099 3516 fructus
2153 3418 2481 3491 amittunt
2531 3417 2736 3491 illius
2791 3416 2956 3507 diei,
3014 3441 3127 3490 ra·

228 3538 427 3612 tione
484 3537 816 3610 Matutini
871 3540 1176 3612 mediam
1234 3547 1545 3636 partem,
1618 3540 1894 3614 ratione
1951 3539 2252 3612 aliarum
2305 3537 2668 3613 Horarum
2727 3537 3126 3611 divinarum

230 3659 547 3733 omnium
600 3660 903 3734 mediam
944 3671 1241 3758 partem,
1297 3661 1571 3735 ratione
1626 3661 2068 3756 singularum
2115 3660 2473 3735 Horarum
2514 3660 2922 3734 diurnarum
2963 3682 3122 3732 sex-

228 3789 379 3854 tam
452 3789 749 3876 partem,
806 3791 883 3855 ut
936 3793 1047 3856 est
1114 3783 1188 3856 in
1245 3775 1769 3858 Constitutione
1818 3781 2127 3857 Concilii
2199 3782 2715 3857 Lateranensis
2791 3792 2860 3855 et
2911 3781 3127 3855 Bulla

229 3902 351 3977 Pii
406 3900 499 3976 V.

444 4024 834 4100 Hortamur
904 4050 1151 4100 omnes
1226 4037 1296 4100 et
1369 4027 1729 4124 singulos,
1807 4037 1881 4102 ut
1934 4027 2189 4102 saltem
2265 4026 2518 4100 diebus
2598 4025 2976 4100 dominicis
3057 4033 3128 4098 et

229 4147 444 4222 festis
516 4148 971 4243 solennibus,
1047 4150 1111 4221 si
1191 4158 1421 4224 autem
1496 4149 1874 4222 habuerint
1917 4149 2458 4243 obligationem,
2521 4158 2662 4221 tam
2717 4147 3128 4242 frequenter

229 4278 311 4344 ut
382 4293 513 4344 suo
584 4271 862 4343 muneri
941 4272 1427 4358 satisfaciant,
1514 4271 1783 4345 Missas
1838 4272 2226 4364 celebrent,
2296 4268 2891 4366 quemadmodum
2976 4269 3129 4344 vult

230 4391 713 4466 Concilium
768 4391 1375 4468 Tridentinum
1432 4389 1611 4490 (Ses.
1672 4394 1791 4466 23.
1858 4389 2034 4488 Cap.
2093 4395 2207 4464 14.
2266 4391 2353 4464 dc
2405 4389 2679 4490 refer).

440 4513 524 4588 In
581 4515 840 4611 quibus
913 4525 1199 4590 orantes
1255 4523 1325 4589 et
1380 4514 1892 4588 sacraficantes
1946 4514 2242 4608 officiis,
2316 4524 2394 4588 ut
2445 4538 2604 4588 cum
2659 4515 2915 4589 maiori
2969 4538 3121 4607 sua,

229 4637 483 4733 populi
536 4645 609 4710 et
660 4645 1093 4712 mortuorum
1148 4638 1451 4711 utilitate
1507 4646 1902 4724 versentur,
1962 4637 2202 4710 nullus
2249 4635 2388 4710 sibi
2425 4637 2762 4710 conscius
2799 4636 3125 4710 mortalis

232 4759 535 4854 peccati,
594 4760 1047 4855 quantumvis
1102 4759 1241 4834 sibi
1297 4760 1641 4832 contritus
1699 4757 2043 4849 videatur,
2101 4759 2374 4853 absque
2428 4759 2828 4854 praemissa
2882 4781 3122 4832 sacra-

230 4881 527 4954 mentali
598 4881 1053 4955 confessione
1125 4880 1499 4973 celebret,.
1537 4880 1752 4954 modo
1818 4903 1959 4954 non
2035 4880 2220 4954 desit
2293 4880 2504 4975 copia
2561 4881 3000 4954 confessoris
3055 4890 3126 4953 et

229 5005 633 5078 necessitas
685 5002 1098 5077 celebrandi
1153 5025 1293 5076 non
1345 5010 1621 5096 urgeat,
1679 5011 1758 5078 ut
1810 5011 1923 5078 est
1974 5002 2048 5076 in
2122 5001 2534 5077 Concilio
2608 5001 3125 5076 Tridentino

230 5120 410 5224 (Sos.
468 5127 581 5199 13.
645 5123 821 5220 Cap.
886 5121 977 5226 7).

440 5245 849 5344 Optandum
903 5256 1137 5322 autem
1194 5256 1409 5340 esset,
1468 5256 1543 5321 ut
1598 5255 1853 5320 octavo
1909 5269 2192 5341 quoque
2230 5246 2345 5319 die
2385 5246 2912 5320 confessionem
2951 5268 3119 5340 pec-

230 5376 551 5443 catorum
604 5369 895 5443 faciant.
2111 5349 2124 5358 ’
