4055 6364
1363 770 1496 845 ·-
1602 726 1899 802 73—

88 1004 90 1007 ,
237 934 618 1011 Invitatom‘i
671 938 788 1013 vel
843 937 936 1013 ad
990 959 1342 1013 summum
1395 943 1562 1013 ante
1615 936 1832 1012 finem
1885 937 2098 1034 primi
2151 939 2519 1033 nocturni,
2577 939 2845 1033 venire,
2913 949 2984 1014 et
3038 939 3115 1014 in

235 1058 412 1132 stallo
468 1058 743 1134 orando
797 1069 925 1134 aut
981 1058 1306 1133 canendo
1379 1082 1661 1157 preces·
1693 1066 1926 1153 stare,
1986 1065 2059 1134 et
2112 1082 2341 1157 usque
2393 1060 2489 1135 ad
2542 1061 2757 1135 finem
2811 1066 2885 1136 et
2936 1083 3108 1136 con-

88 1164 91 1203 ³
234 1180 617 1276 elusionem,
677 1183 797 1256 vel
849 1182 1285 1257 necessitate
1339 1189 1636 1275 agente,
1691 1180 1786 1255 ad
1839 1182 2369 1259 inchoationem
2424 1183 2718 1259 laudum
2772 1206 2939 1259 sese
2992 1208 3107 1285 1·οᾒ

232 1324 492 1378 servare
546 1303 878 1399 debebit,
954 1304 1286 1379 similiter
1340 1303 1458 1379 die
1513 1311 1804 1401 postera
1873 1303 2068 1379 idem
2124 1305 2425 1401 quilibet
2486 1306 2959 1382 Dominarum
3011 1306 3110 1382 ad

225 1425 674 1525 inceptionem
725 1427 1062 1503 introitus
1117 1427 1396 1501 Missae
1444 1426 1951 1503 Anniversarii
2003 1427 2119 1501 vel
2160 1426 2391 1525 Kyrie
2427 1425 2706 1522 eleison,
2762 1430 2839 1503 10
2878 1430 3107 1507 011010

84 1570 86 1579 ·
231 1569 296 1621 80
341 1548 545 1623 011810
615 1556 1203 1646 repraesentare,
1262 1558 1334 1624 et
1385 1549 1460 1623 iu
1514 1550 1730 1625 stallo
1801 1572 2031 1644 usque
2096 1547 2189 1623 ad
2241 1549 2457 1624 finem
2528 1550 2804 1625 Missae
2877 1551 3103 1628 conti-

231 1692 418 1743 nuare
473 1668 804 1765 debebit,
880 1672 1198 1768 alioquin
1269 1668 1674 1768 praemissa
1744 1672 2131 1766 negligens
2204 1672 2545 1769 implere,
2619 1671 2818 1747 nullo
2889 1675 3109 1750 modo

229 1788 696 1867 Anniversarii
749 1794 1078 1891 portione
1131 1794 1514 1889 gaudebit,
1556 1794 1944 1891 quinimmo
2000 1792 2095 1867 ad
2140 1794 2667 1869 restitutionem
2716 1796 2906 1871 male
2943 1820 3105 1895 per-

230 1922 559 2013 ceptorum
597 1914 830 1990 eidem
867 1918 1031 2015 ipso
1078 1914 1360 1992 Statuto
1414 1916 1751 2010 dictante,
1809 1916 2188 1991 tenebitur.
2252 1913 2391 1991 Cui
2446 1917 2732 2013 quidem
2786 1918 3105 1995 Decreto

80 2042 106 2073 >⁸
229 2038 556 2135 praesenti
609 2060 861 2114 omnes
932 2041 1288 2116 Dominos
1354 2040 1568 2115 etiam
1645 2036 2093 2115 Secretarios
2174 2038 2453 2134 Regios
2508 2062 2599 2113 ex
2650 2062 2882 2138 aequo
2936 2042 3104 2117 sub-

227 2159 432 2235 iacere
496 2162 799 2236 Domini
848 2162 1260 2239 Reverendi
1322 2162 1742 2257 voluerunt,
1819 2163 2020 2238 solos
2071 2162 2397 2237 infirmos
2452 2169 2525 2237 et
2576 2162 2699 2259 qui
2750 2163 2827 2237 10
2880 2185 3104 2258 nego-

229 2280 326 2357 tiis
388 2283 901 2381 capitularibus
974 2285 1412 2360 notabilibus
1488 2284 1792 2383 speciali
1845 2284 2184 2359 mandato
2244 2292 2315 2359 et
2368 2307 2727 2360 consensu
2783 2283 3105 2383 Capituli

227 2404 656 2481 Venerabilis
726 2409 989 2484 abesse
1061 2409 1336 2502 solent,
1411 2408 1686 2483 eisdem
1740 2406 2419 2484 Anniversariorum
2487 2406 2939 2504 portionibus
3011 2430 3105 2482 ex

76 2587 80 2621 ξ
228 2550 424 2625 aequo
473 2553 560 2605 80
616 2538 1042 2629 praesentes
1094 2530 1681 2629 participaturos.

1368 2841 1923 2945 LXXXVII.

74 3082 77 3111 1
227 3050 310 3133 be
344 3052 624 3137 duobus
683 3053 1144 3153 litigantibus
1184 3054 1738 3156 interpretatio.
1797 3052 2055 3134 Annno
2111 3051 2384 3135 Domini
2442 3049 2826 3133 uilissima
2884 3047 3097 3134 nuin-

387 3177 800 3296 nentesimo
858 3174 1480 3280 ssuinquauesimo
1535 3176 1894 3274 secundo,
1953 3174 2318 3259 sabbathi
2372 3174 2487 3258 8⁸·
2542 3172 2913 3258 octobris.

397 3388 877 3487 Posteaquam
939 3397 1133 3465 mota
1199 3389 1460 3466 fuisset
1527 3390 1713 3466 inter
1763 3388 2239 3464 Reverendos
2310 3387 2669 3464 Dominos
2741 3389 3093 3486 quaestio,

72 3525 75 3598 g
223 3533 362 3586 111110
411 3511 880 3588 Revereudus
933 3513 1293 3589 Dominus
1343 3512 1672 3589 Joannes
1726 3511 2153 3604 Korczbok,
2209 3511 2557 3586 Decanus
2611 3507 3091 3604 Gnesnensis,

224 3631 596 3710 Canonieus
652 3632 1166 3710 Craeoviensis
1220 3635 1426 3712 fundi
1475 3634 1882 3709 Doiazdow
1935 3656 2346 3732 possessor,
2424 3639 2802 3732 praetextu
2856 3632 3092 3708 cuius·

221 3753 360 3829 dam
406 3757 551 3833 litis
605 3765 840 3832 motae
893 3780 1024 3832 seu
1079 3758 1442 3834 citationis
1496 3765 1746 3832 contra
1802 3780 1984 3851 eum,
2043 3757 2135 3832 ad
2177 3755 2594 3831 instantiam
2630 3753 3093 3830 Venerabilis

221 3877 480 3954 Domini
531 3879 960 3981 Hieronymi
1015 3878 1413 3957 Crarwaski
1450 3879 1538 3955 de
1577 3878 1830 3955 eodem
1882 3880 2048 3977 ipso
2116 3877 2565 3955 Canonicatu
2620 3875 3092 3952 Cracoviensi

220 4002 481 4097 provisi,
533 4003 638 4077 uti
684 4003 943 4078 dicitur
997 4013 1363 4099 executae,
1421 4003 1617 4077 affici
1671 4002 1932 4078 debeat
1983 3999 2267 4076 Statuto
2306 4000 2396 4076 de
2436 3999 2716 4076 duobus
2769 3999 2888 4074 vel
2932 3999 3089 4098 plu-

219 4122 392 4198 ribus
439 4148 658 4223 super
711 4123 1159 4202 Canonicatu
1217 4127 1337 4202 vel
1393 4126 1820 4202 Praelatura
1872 4124 2345 4200 Cracoviensi
2395 4123 2846 4220 litigantibus
2902 4121 3094 4198 edito

221 4251 278 4318 et
319 4247 388 4320 in
439 4245 710 4323 Codice
765 4246 1202 4325 Statutorum
1276 4247 1797 4346 Capitularium
1863 4255 2246 4341 contento,
2324 4245 2737 4322 Reverendi
2794 4244 3090 4322 Domini

219 4389 354 4441 cum
401 4371 710 4466 penitius
762 4371 902 4446 hoc
953 4372 1192 4470 ipsum
1261 4369 1618 4448 statutum
1675 4378 1746 4446 et
1797 4372 1942 4446 alia
1995 4369 2139 4446 duo
2195 4371 2509 4469 desuper
2560 4368 2755 4444 edita
2808 4369 3089 4444 Statuta

117 4571 130 4586 ‚
173 4479 822 4590 ·introspe1iissent,
887 4496 1215 4593 vimque,
1271 4519 1562 4570 sensum
1618 4502 1690 4569 et
1741 4501 2049 4569 mentem
2102 4492 2549 4588 legislatoris
2599 4492 3089 4568 advertissent

216 4621 276 4687 et
317 4616 878 4714 perpendissent,
933 4619 1322 4694 innitentes
1375 4616 1800 4715 praesertim
1853 4616 2101 4693 verbis
2156 4613 2453 4707 Statuti,
2509 4615 2772 4713 quibus
2827 4615 3088 4691 dicitur

71 4743 130 4816 2:
218 4741 276 4810 et
319 4761 392 4813 80
459 4737 550 4814 811
616 4739 1027 4816 Ecclesiam
1098 4741 1326 4838 recipi
1381 4748 1453 4815 et
1503 4739 1918 4814 intronisari
1989 4738 2402 4837 petentibus
2456 4745 2529 4813 et
2573 4737 3084 4830 obtinentibuS,

181 4859 682 4956 'suffragiorum
736 4864 1178 4959 plenitudine
1245 4863 1788 4938 concluserunt:
1863 4883 2008 4936 non
2060 4883 2282 4960 posse
2336 4884 2472 4938 000
2527 4861 2793 4937 debere
2847 4857 3085 4935 Statu-

72 5046 90 5074 ,
217 4987 338 5056 tum
387 4988 781 5084 praefatum
839 5008 1054 5062 secus
1105 4986 1438 5081 intelligi,
1497 5009 1711 5083 quam
1765 4984 1855 5060 de
1891 4991 2194 5082 utroque
2250 4986 2370 5060 vel
2418 4986 2509 5061 de
2546 4984 2878 5062 omnibus
2914 5006 3083 5059 000-

217 5107 632 5182 currentibus
701 5108 778 5182 in
845 5108 1255 5184 Ecclesiam
1326 5133 1458 5206 per
1527 5106 1936 5206 Capitulum
2010 5107 2369 5208 receptis,
2461 5107 2821 5206 quomodo
2894 5106 3085 5183 enim

219 5227 354 5320 quis
402 5229 490 5303 ad
543 5231 978 5307 refectiones
1031 5232 1153 5306 vel
1206 5230 1299 5306 ad
1354 5229 1796 5330 Capitulum,
1855 5232 1977 5329 qui
2030 5255 2175 5308 non
2230 5232 2324 5308 sit
2374 5233 2449 5308 iu
2502 5231 2917 5308 Ecclesiam
2966 5253 3079 5304 re-

220 5357 458 5448 ceptus,
511 5351 787 5432 admitti
840 5354 1157 5432 deberet.
1223 5351 1440 5432 Unde
1496 5352 2071 5455 qnandoquidem
2126 5355 2481 5433 Dominus
2532 5353 2933 5431 Korczbok
2988 5350 3083 5428 ad

2690 5474 2773 5544 10

71 5969 464 6301 μμ
