4055 6364
1541 794 1640 811 -
1749 655 1850 831 §5
1953 798 2059 811 ....

1587 962 2022 1064 xxxffl.

664 1173 767 1255 De
824 1191 966 1256 non
1018 1170 1395 1255 faciendis
1451 1170 2024 1255 alienationibus
2082 1170 2350 1255 mensa
2405 1167 2905 1273 Episcopaiia.

557 1418 646 1493 In
699 1442 964 1512 magna
1033 1427 1106 1493 et
1175 1418 1477 1493 notabili
1549 1424 1756 1515 parte
1827 1440 2148 1492 mensam
2220 1422 2538 1491 nostram
2610 1415 3126 1514 Episcopalem
3179 1416 3256 1491 in

348 1541 654 1615 decimis
691 1546 762 1615 et
795 1540 964 1615 aliis
1019 1540 1171 1617 suis
1223 1542 1636 1616 introitibus
1688 1540 2143 1614 attendentes
2200 1540 2592 1615 mutilatam
2632 1547 2704 1612 et
2734 1538 3037 1633 laesam,
3088 1537 3255 1612 dum

349 1662 1006 1738 praedecessorum
1088 1671 1493 1738 nostrorum
1577 1662 1934 1737 ordinatio
2013 1684 2204 1736 nova
2267 1661 2728 1737 Monasteria
2808 1670 2880 1737 et
2947 1658 3255 1759 Altaria,

345 1808 580 1860 novas
633 1785 1100 1861 Praebendas
1157 1794 1228 1860 et
1283 1786 1360 1859 M
1362 1786 1836 1879 ansionarias,
1891 1784 2091 1859 nulla
2144 1791 2448 1879 cogente
2501 1782 2975 1879 necessitate,
3033 1784 3253 1859 devo-

345 1907 542 1982 tione
593 1915 717 1981 aut
767 1908 1079 2001 ratione,
1154 1908 1512 1982 notabiles
1568 1908 1888 1981 decimas
1945 1906 2035 1981 de
2091 1929 2344 1981 mensa
2396 1905 2822 2003 Episcopali
2884 1905 2960 1980 iu
3016 1906 3254 1982 dotem

346 2029 846 2125 consignando
921 2031 1250 2125 erigens,
1327 2029 1582 2104 domus
1638 2052 1812 2103 suae
1867 2035 1941 2102 et
1991 2028 2302 2103 nominis
2374 2027 2841 2103 celebriorem
2906 2028 3255 2104 conditio-

343 2174 510 2225 nem
571 2151 860 2225 efficere
919 2152 1298 2247 quaesivit,
1359 2160 1429 2226 et
1482 2151 1983 2226 alienationem
2044 2158 2408 2239 enormem
2464 2173 2606 2225 non
2661 2150 2986 2225 attendit.
3058 2150 3254 2241 Quo-

353 2274 550 2348 circa
606 2274 984 2348 statuendo
1040 2274 1524 2366 decernimus,
1583 2282 1654 2347 et
1686 2271 2164 2347 decernendo
2218 2271 2724 2371 prohibemus,
2782 2297 2872 2348 ne
2922 2273 2997 2348 in
3053 2274 3255 2349 dota-

343 2396 641 2488 tionem,
701 2397 1174 2491 erectionem,
1231 2396 1722 2471 fundationem
1778 2417 2123 2469 novorum
2179 2395 2815 2501 Monasteriorum,
2870 2393 3252 2493 Altarium,

343 2516 976 2610 Praebendarum,
1019 2517 1775 2612 ,Mansionariarium,
1858 2516 2446 2591 Psalteristarum
2526 2525 2599 2592 et
2681 2540 3256 2616 quorumcunque

341 2638 860 2715 beneficiorum
917 2648 1041 2714 aut
1093 2639 1636 2737 amplitudinem
1693 2648 1764 2714 et
1797 2640 2313 2715 incrementum
2368 2639 2844 2737 antiquorum,
2901 2640 3037 2717 sub
3073 2663 3252 2738 quo—

342 2784 629 2858 cunque
686 2762 952 2854 colore,
1009 2771 1162 2836 arte
1217 2762 1336 2836 vel
1389 2761 1707 2857 ingenio,
1763 2761 1858 2835 ad
1913 2784 2499 2857 quarumcunque
2554 2784 3019 2858 personarum
3071 2762 3254 2859 peti-

338 2884 616 2958 tionem
673 2883 791 2958 vel
841 2884 1259 2959 instantiam
1315 2883 1669 2982 Episcopi
1723 2881 2240 2958 Cracoviensis
2310 2884 2786 2959 alienationes
2849 2882 2939 2958 de
3005 2908 3255 2959 mensa

339 3006 780 3104 Episcopali
831 3007 1104 3081 faciant
1157 3015 1281 3081 aut
1331 3008 1572 3081 faeere
1628 3013 2129 3104 praesumant,
2200 3029 2335 3080 nec
2387 3007 2461 3081 in
2515 3005 2926 3081 huiusmodi
2978 3005 3253 3081 aliena-

341 3112 1078 3203 tiones'Venerabile
1153 3126 1566 3226 Capitulum
1641 3128 2132 3203 Uracoviense
2200 3128 2351 3202 illis
2404 3135 2726 3226 praestet
2792 3128 3254 3204 annuentiam

339 3249 931 3324 ratihabitionem
988 3257 1060 3324 et
1113 3273 1564 3326 consensum.
1627 3249 1840 3341 Quod
1897 3250 1962 3324 si
2014 3251 2486 3347 praestiterit,
2551 3251 3003 3326 decernimus
3055 3251 3253 3326 illam

337 3371 623 3446 irritam
683 3393 982 3468 prorsus
1037 3380 1108 3446 et
1159 3373 1466 3447 inanem.
1524 3373 1668 3447 Per
1703 3373 1842 3446 hoc
1889 3381 2129 3446 tamen
2180 3372 2677 3448 Ecclesiamm
2732 3373 3253 3471 parochialium

335 3493 792 3588 fundationi,
847 3494 1194 3568 erectioni
1247 3503 1319 3569 et
1373 3495 1724 3570 dotationi
1777 3496 2212 3570 necessitate
2267 3504 2506 3571 tamen
2561 3496 2919 3594 exigente,
2978 3496 3253 3574 nullum

337 3616 686 3691 volumus
740 3617 1190 3694 obstaculum
1245 3618 1510 3692 afferri.
2292 3631 2297 3635 ’

1578 3961 2018 4067 XXXIV.

1183 4177 1286 4258 De
1343 4195 1483 4257 non
1540 4175 1916 4277 erinendis
1970 4173 2436 4258 Advocatiis.

558 4404 772 4479 Licet
806 4405 1259 4500 antiquorum
1317 4403 1975 4480 Praedecessorum
2030 4411 2436 4479 nostrorum
2474 4402 2926 4500 providentia
2958 4403 3035 4478 in
3070 4425 3246 4478 non-

337 4526 572 4602 nullis
629 4525 942 4624 Oppidis
978 4536 1052 4600 et
1084 4526 1307 4602 Villis
1360 4526 1846 4624 Episcopatus
1903 4525 2416 4601 Oracoviensis
2451 4523 2899 4600 Advocatias
2936 4531 3009 4600 et
3045 4521 3247 4600 Scul-

337 4651 566 4725 tetias
621 4649 810 4723 iusto
865 4650 1142 4746 praetio
1219 4672 1578 4744 coemens,
1651 4653 1958 4724 mensae·
2019 4648 2449 4746 Episcopali
2505 4672 2634 4747 pro
2689 4649 2845 4724 eius
2915 4649 3248 4746 amplitu-

339 4774 519 4848 dine
575 4770 988 4865 adiecisset,
1044 4771 1444 4847 succedens
1497 4780 1732 4846 tamen
1787 4772 2089 4845 aliorum
2166 4771 2469 4868 prodiga
2524 4770 2861 4846 voluntas
2911 4767 3247 4845 Advoca-

337 4895 492 4970 tias
545 4903 622 4968 et
672 4890 1061 4968 Scultetias
1116 4895 1560 4991 praedictas,
1616 4902 1740 4969 aut
1793 4919 1922 4992 per
1977 4894 2595 4998 Rraedecessores
2666 4915 2838 4968 suos
2894 4894 3250 4970 solutione

337 5015 772 5115 pecuniaria
824 5017 1224 5110 extinctas,
1297 5025 1420 5092 aut
1472 5017 1562 5092 ad
1622 5040 1780 5091 eum
1838 5017 2217 5092 devolutas
2269 5019 2525 5091 iterum
2578 5015 3024 5091 resuscitans
3076 5037 3245 5090 con-

339 5137 772 5233 sanguineis
826 5146 898 5212 et
932 5138 1406 5244 familiaribus
1462 5139 1824 5216 distribuit
1878 5147 2227 5237 perpetua
2281 5139 2685 5232 donatione,
2742 5161 2837 5212 ex
2873 5162 3015 5235 qua
3049 5161 3247 5210 meu-

339 5283 479 5336 sae
533 5258 960 5357 Episcopali
1012 5261 1258 5334 variae
1330 5262 2056 5336 subministrabantur
2116 5261 2774 5350 ineommoditates,
2847 5259 3245 5352 statuimus,

337 5389 430 5462 ut
477 5384 558 5462 in
614 5381 904 5485 oppidis
955 5391 1030 5461 et
1079 5381 1277 5460 villis
1341 5384 1906 5486 Episcopalibus
1978 5383 2293 5487 antiquis
2344 5381 2789 5459 Advocatias
2844 5389 2917 5456 et
2967 5378 3247 5457 Sculte-

2889 5499 2937 5572 4
