4055 6364
2071 750 2648 829 -124—

908 965 1079 1039 nino
1135 962 1693 1053 mandaverunt,
1771 970 2122 1058 quatenus
2189 963 2500 1059 singulis
2555 959 2814 1037 diebus
2870 955 3325 1051 Sabbativis,
3383 983 3430 1033 a
3481 957 3604 1034 die
3659 984 3850 1035 cra-

916 1088 1105 1163 stina
1154 1084 1592 1182 incipiendo,
1649 1085 1996 1159 rationem
2057 1094 2127 1159 et
2180 1084 2534 1160 calculum
2587 1093 2734 1159 tam
2787 1080 2879 1155 de
2936 1081 3509 1177 quotidianarum
3579 1084 3848 1157 refec-

908 1211 1179 1284 tionum
1232 1231 1363 1305 per
1415 1206 1718 1283 eundem
1772 1204 2525 1303 Viceprocnratorem,
2580 1227 2790 1301 quam
2849 1204 3061 1276 etiam
3119 1202 3432 1299 siliginis
3486 1212 3556 1277 et
3589 1205 3846 1279 tritici

912 1332 987 1405 in
1041 1353 1269 1427 panes
1322 1328 1825 1404 distributione
1880 1337 1953 1401 et
2006 1328 2547 1428 dispensatione
2601 1350 2732 1424 per
2791 1325 3140 1400 bullarum
3217 1325 3577 1421 pistricem
3648 1326 3848 1401 fieri

910 1452 1159 1546 solita,
1218 1473 1460 1526 coram
1516 1449 1945 1525 Reverendo
1999 1449 2315 1525 Domino
2387 1450 2726 1524 Praelato
2791 1455 2913 1522 aut
2965 1444 3376 1540 Canonico,
3451 1446 3544 1522 ad
3599 1472 3842 1544 quem

912 1574 1091 1648 ordo
1144 1574 1535 1663 concernit,
1592 1572 1709 1645 hic
1759 1572 1835 1645 in
1888 1572 2053 1645 loco
2108 1572 2487 1669 capitulari
2541 1582 2662 1646 aut
2715 1570 2787 1643 in
2845 1569 3058 1643 domo
3109 1567 3342 1665 ipsius
3376 1568 3844 1645 residentiae

909 1696 1147 1785 faciat,
1203 1704 1749 1789 regestrumque
1804 1716 2007 1768 suum
2064 1693 2157 1768 ad
2195 1692 2792 1769 subscribendum
2848 1692 3140 1782 offerat,
3198 1715 3408 1786 quam
3462 1694 3842 1769 rationem

910 1827 983 1892 et
1034 1816 1446 1893 huiusmodi
1512 1816 1863 1890 calculum
1920 1824 1997 1889 ut
2053 1814 2353 1910 quilibet
2418 1816 2886 1889 Dominorum
2956 1811 3342 1905 diligenter
3403 1816 3496 1889 ab
3557 1814 3840 1890 eodem

914 1941 1567 2037 Viceprocuratore
1622 1938 2003 2035 capitulari
2060 1937 2416 2011 auscultet
2469 1945 2541 2011 et
2593 1936 2925 2032 accipiat,
2982 1935 3188 2035 salva
3246 1959 3376 2009 sua
3429 1939 3520 2011 ab
3565 1938 3836 2013 huius-

909 2061 1105 2138 modi
1156 2062 1407 2137 labore
1463 2060 1679 2135 solita
1730 2060 2300 2153 contentatione,
2391 2061 2526 2134 sub
2580 2081 2814 2155 poena
2868 2057 3296 2155 privationis
3347 2058 3834 2135 refectionum

912 2192 985 2259 et
1038 2207 1299 2281 panum
1358 2184 1567 2257 unius
1622 2183 1768 2257 diei
1820 2206 1951 2279 per
2004 2183 2492 2277 negligentem
2551 2181 2937 2256 Dominum
2991 2180 3066 2254 in
3105 2180 3462 2255 audienda
3517 2182 3648 2256 tali
3699 2208 3832 2257 ra-

910 2308 1102 2382 tione
1158 2305 1689 2381 succumbenda
1742 2314 1815 2378 et
1865 2305 2422 2379 irremisibiliter
2484 2304 2789 2399 luenda,
2865 2304 3320 2379 unanimibus
3391 2306 3544 2379 suis
3623 2308 3832 2382 votis

912 2452 1000 2503 ac
1052 2428 1427 2503 sententiis
1481 2427 1957 2503 decreverunt
2008 2451 2096 2500 ac
2147 2426 2446 2501 firmiter
2500 2425 3028 2501 observandum
3085 2425 3616 2502 concluserunt.

2167 2738 2554 2838 CXLIII.

917 2951 1021 3033 De
1086 2949 1433 3033 Domitius
1499 2947 2058 3031 canonicalibus
2124 2948 2327 3029 iuxta
2394 2947 2676 3030 senium
2745 2946 3250 3029 conferendis.
3323 2946 3530 3029 Anno
3601 2948 3829 3032 1582.

1830 3070 1957 3150 Die
2012 3069 2329 3154 Veneris
2387 3070 2463 3151 15
2520 3067 2898 3152 octobris.

1122 3281 1480 3372 Quoniam
1558 3282 1785 3356 veteri
1856 3279 2166 3377 quadam
2239 3287 2310 3354 et
2367 3281 2598 3356 minus
2670 3283 3084 3357 rationabili
3157 3284 3672 3358 consuetudine
3743 3286 3828 3358 in

914 3406 1056 3480 hoc
1126 3404 1551 3490 Venerabili
1621 3401 1958 3498 Collegio
2027 3401 2510 3477 introductum
2583 3411 2655 3477 et
2707 3403 3057 3478 hactenus
3129 3405 3588 3479 observatum
3658 3406 3826 3502 fuit,

918 3526 1109 3625 quod
1162 3527 1444 3601 Domus
1498 3526 1959 3600 canonicales
2012 3523 2106 3597 ad
2160 3525 2667 3625 proprietatem
2710 3535 2780 3600 et
2817 3527 3300 3624 provisionem
3355 3526 3868 3618 Venerabilis·

917 3648 1235 3748 Capituli
1288 3648 1751 3745 pertinentes,
1810 3647 2092 3744 quoties
2129 3670 2371 3722 earum
2411 3649 2695 3723 vacatio
2735 3650 3180 3744 occurrebat,
3236 3650 3571 3725 Dominis
3625 3649 3826 3726 Con-

898 3771 1257 3847 .f1·atribus
1303 3771 1788 3868 provisionem
1840 3793 2084 3844 earum
2124 3769 2560 3866 optantibus,
2619 3795 2760 3844 non
2799 3795 2889 3844 ex
2927 3771 3130 3845 senio
3168 3795 3399 3867 neque
3451 3771 3650 3845 iuxta
3689 3796 3826 3847 vo-

919 3892 1271 3968 cationem
1312 3892 1695 3966 cuiuslibet
1730 3893 2075 3988 ipsorum,
2119 3889 2249 3964 sed
2279 3915 2368 3964 ex
2398 3893 2694 3966 arbitrio
2730 3902 2800 3967 et
2833 3893 3205 3969 favoribus
3243 3894 3683 3990 quorundam
3725 3895 3830 3970 de

918 4015 1253 4110 Collegio
1289 4014 1648 4106 Fratrum,
1705 4019 1777 4086 et
1822 4012 2252 4109 quandoque
2297 4013 2386 4085 ad
2424 4013 3008 4089 intercessionem
3065 4015 3508 4109 Magnatum,
3567 4017 3828 4090 Domi-

918 4139 1033 4212 nis
1084 4136 1402 4211 Novitiis
1457 4145 1529 4209 et
1580 4135 1762 4211 nihil
1815 4133 2050 4210 adhuc
2108 4133 2198 4207 de
2253 4134 2591 4208 Ecclesia
2643 4135 2806 4232 ipsa
2862 4145 2931 4210 et
2977 4137 3398 4212 Venerabili
3451 4137 3591 4211 hoc
3643 4135 3828 4213 Col-

917 4259 1115 4354 legio
1168 4257 1461 4348 meritis,
1517 4259 1660 4332 imo
1703 4257 2135 4354 quandoque
2191 4257 2404 4330 etiam
2460 4257 2693 4332 minus
2748 4260 3214 4355 qualificatis,
3272 4259 3449 4353 dari,
3508 4261 3832 4336 conferri

894 4389 993 4455 et
1026 4378 1393 4478 provideri
1446 4379 1777 4454 solebant
1831 4403 1991 4453 cum
2050 4402 2190 4453 non
2245 4376 2590 4453 mediocri
2645 4382 3008 4457 seniorum
3062 4383 3394 4456 Fratrum
3449 4383 3825 4478 qualifica-

920 4511 1151 4577 torum
1204 4509 1276 4575 et
1330 4500 1420 4576 de
1474 4501 1813 4576 Ecclesia
1871 4503 2516 4596 benemeritorum
2571 4502 2871 4596 iniuria,
2939 4505 3359 4599 gravamine
3413 4512 3486 4578 et
3536 4506 3826 4601 praeiu-

923 4623 1152 4719 dici03
1221 4622 1411 4698 unde
1464 4622 1876 4698 Reverendi
1932 4623 2226 4697 Domini
2279 4623 2354 4696 in
2409 4623 2547 4697 hoc
2602 4623 2939 4721 Capitulo
2992 4613 3315 4721 generali
3371 4629 3822 4722 congregati,

922 4751 1199 4819 matura
1242 4742 1758 4819 deliberatione
1797 4746 2243 4841 praehabita,
2303 4745 2783 4821 concordibus
2823 4748 3210 4841 suffragiis,
3269 4747 3596 4821 volentes
3648 4748 3828 4824 huic

922 4867 1111 4940 malo
1166 4889 1569 4955 occurrere,
1627 4866 1955 4964 odiisque
1992 4877 2066 4941 et
2100 4867 2416 4942 invidiae
2469 4867 2805 4943 Fratrum
2853 4870 3211 4944 seniorum
3269 4891 3448 4964 erga
3497 4869 3826 4946 iuniores

923 4989 1112 5062 viam
1149 4988 1641 5086 praecludere,
1684 4990 2134 5064 statuendum
2175 4997 2246 5064 et
2283 4990 2804 5065 decernendum
2845 4999 3308 5089 putaverunt:
3359 4992 3462 5065 ita
3496 4998 3572 5066 ut
3609 5015 3825 5089 prae-

924 5111 1111 5187 senti
1184 5111 1495 5186 Decreto
1566 5113 1922 5188 cassando
1993 5113 2323 5210 inprimis
2382 5120 2453 5187 et
2504 5114 2968 5188 annihilando
3042 5136 3289 5189 omnes
3363 5121 3436 5188 et
3488 5113 3826 5209 singulas

925 5234 1221 5331 quasvis
1294 5234 1817 5329 promissiones
1889 5259 2060 5310 suas
2115 5235 2551 5331 capitulares
2616 5234 2707 5308 de
2763 5236 3196 5310 conferenda
3249 5244 3320 5311 et
3373 5235 3826 5334 providenda.

925 5355 1449 5453 aliquacunque
1486 5358 1724 5432 Domo
1764 5357 2184 5449 canonicali,
2231 5357 2606 5432 vacatione
2645 5359 2900 5454 quavis
2938 5357 3401 5453 occurrenda,
3459 5359 3674 5432 alicui
3727 5383 3828 5434 ex
