4055 6364
2069 751 2630 832 -120-

2073 1041 2613 1147 CXXXVII.
2696 1038 2708 1051 ’

892 1236 1085 1321 ordo
1162 1238 1735 1322 extraordinarii
1815 1242 2011 1324 turni
2068 1242 2136 1323 1η
2191 1239 2687 1325 decantandis
2755 1257 2889 1340 nro
2955 1235 3273 1319 Dominis
3345 1235 3806 1320 absentibus

1384 1364 1696 1464 quinque
1754 1363 2032 1447 Missis.
2092 1364 2300 1446 Anno
2359 1360 2578 1445 1580.
2637 1361 2766 1442 Die
2822 1359 2876 1442 3
2932 1356 3304 1441 octobris.

1096 1572 1419 1648 Turnum
1492 1571 2136 1648 extraordinarium
2191 1574 2284 1650 ad
2339 1569 2738 1670 explendas
2793 1577 2865 1645 et
2917 1568 3412 1644 decantandas
3479 1568 3802 1667 quinque

889 1694 1163 1770 Missas
1218 1696 1309 1771 ad
1364 1694 1618 1769 Altare
1671 1695 1901 1771 maius
1954 1697 2278 1792 qualibet
2329 1692 2785 1769 hebdomada
2856 1715 2991 1789 per
3043 1698 3468 1789 praesentes
3538 1692 3798 1768 Domi-

887 1839 1022 1891 nos
1074 1816 1457 1892 Praelatos
1512 1825 1583 1891 et
1636 1815 2048 1892 Canonicos
2101 1838 2234 1915 pro
2289 1816 2626 1890 Dominis
2687 1813 3042 1889 Praelatis
3095 1821 3169 1889 et
3220 1811 3612 1889 Oanonieis
3666 1815 3799 1889 ab·

886 1940 1211 2014 sentibus
1262 1938 1652 2029 laudatum,
1712 1939 2111 2015 ordinatum
2162 1948 2234 2013 et
2270 1939 2752 2033 constitutum,
2807 1945 3022 2034 atque
3075 1960 3120 2009 a
3154 1936 3801 2011 Reverendissimo

891 2062 1205 2135 Domino
1258 2061 1438 2136 Loci
1479 2059 1865 2136 Ordinario
1919 2064 2416 2160 approbatum,
2474 2083 2562 2136 eo
2597 2058 2812 2136 modo
2851 2067 2922 2134 et
2957 2058 3210 2133 ordine
3247 2058 3803 2156 observandum,

889 2184 1274 2259 tenendum
1330 2191 1403 2258 et
1449 2182 1972 2258 absolvendum
2047 2207 2213 2259 esse
2278 2183 2792 2275 decreverunt,
2867 2182 3326 2257 declararunt
3380 2188 3452 2256 et
3505 2181 3800 2255 conclu-

890 2314 1138 2380 serunt
1192 2305 1603 2380 Reverendi
1673 2305 1968 2381 Domini
2024 2304 2526 2403 Capitulares:
2584 2312 2663 2379 ut
2715 2303 3055 2378 videlieet
3124 2302 3420 2377 Domini
3475 2302 3802 2379 Praelati

889 2436 961 2503 et
997 2426 1347 2502 Canonici
1399 2427 1633 2503 dextri
1687 2425 1910 2504 Obori
1964 2435 2409 2527 praesentes,
2465 2425 2876 2523 incipiendo
2915 2450 2960 2499 a
2995 2424 3426 2500 Reverendo
3480 2425 3804 2500 Domino

894 2551 1219 2643 Decan0‚
1276 2573 1407 2647 pro
1458 2549 1795 2625 Dominis
1846 2552 2229 2626 Fratribus
2283 2548 2704 2624 absentibus
2759 2546 3081 2622 eiusdem
3135 2545 3358 2622 Chori
3413 2546 3648 2622 dextri
3703 2547 3800 2622 ad

890 2673 1213 2747 ultimum
1268 2670 1712 2747 Canonicum
1766 2696 1994 2770 usque
2052 2672 2225 2746 dieti
2279 2669 2541 2765 Chori,
2615 2671 2830 2745 toties
2883 2670 3167 2766 quoties
3239 2670 3416 2745 ordo
3471 2670 3800 2767 postula·

891 2794 1107 2888 verit,
1166 2794 1504 2892 expleant
1552 2801 1833 2868 turnum
1889 2793 2082 2867 hune
2137 2790 2800 2885 extraordinarium,
2857 2791 3263 2885 absolvant,
3319 2792 3802 2889 absolutoque

890 2904 1098 2990 turno
1154 2916 1727 2991 extraordinario
1781 2938 1915 3012 pro
1973 2916 2224 2991 ultimo
2280 2911 2652 2989 Canonico
2708 2915 3008 2989 absente
3062 2914 3265 2989 chori
3319 2914 3590 3009 dextri,
3664 2939 3804 3013 per

890 3060 1050 3113 eum
1106 3038 1222 3114 cui
1274 3062 1367 3113 ex
1421 3038 1674 3113 ordine
1727 3037 2027 3123 venerit,
2083 3035 2276 3110 idem
2330 3044 2581 3110 turnus
2635 3036 3240 3111 extraordinarius
3293 3036 3387 3111 ad
3435 3038 3804 3112 Domitios

890 3157 1270 3235 Praelatos
1323 3168 1395 3234 et
1448 3157 1860 3235 Oanonieos
1924 3158 2201 3234 sinistri
2273 3155 2498 3233 Chori
2570 3165 2990 3255 praesentes
3063 3158 3488 3234 devolvetur
3541 3165 3614 3233 et
3669 3157 3800 3234 de-

888 3282 1165 3376 veniet,
1227 3282 1347 3378 qui
1402 3281 1731 3356 similiter
1779 3282 2208 3379 incipientes
2259 3304 2304 3355 a
2355 3280 2784 3356 Reverendo
2852 3281 3166 3357 Domino
3221 3279 3794 3378 Archidiaoon0‚

888 3427 1020 3502 per
1072 3404 1393 3479 ordinem
1448 3427 1578 3501 pro
1635 3405 2058 3480 absentibus
2110 3404 2490 3479 Fratribus
2545 3402 2767 3478 Chori
2823 3403 3097 3479 sinistri
3150 3403 3242 3478 ad
3300 3403 3622 3478 ultimum
3675 3404 3798 3478 iti-

887 3525 1050 3628 dem
1104 3523 1543 3601 Canonioum
1581 3525 1903 3602 eiusdem
1959 3524 2185 3602 Chori
2237 3526 2491 3620 vigore
2539 3527 2752 3602 huius
2806 3527 3356 3604 extraordinarii
3407 3527 3620 3622 turni,
3680 3534 3793 3602 to·

887 3650 1025 3725 ties
1080 3649 1360 3747 quoties
1406 3650 1583 3724 ordo
1619 3651 1956 3746 requiret,
2013 3649 2286 3723 Missas
2326 3648 2810 3725 decantabunt
2842 3651 3042 3726 iuxta
3079 3650 3591 3726 declarationis
3629 3647 3794 3724 Sta-

886 3773 1020 3849 tuti
1074 3765 1385 3870 desuper
1437 3772 1611 3846 facti
1665 3771 2233 3870 dispositionem.

2053 4101 2632 4203 CXXXVIII.

889 4303 1098 4447 Anno
1172 4302 1499 4406 quolibet
1572 4323 1763 4386 unus
1820 4322 1915 4385 ex
1987 4304 2322 4408 capitulo
2387 4301 2484 4387 ad
2550 4303 2744 4386 bona
2815 4300 3214 4386 Pabianice
3287 4299 3794 4403 deputandus.

1483 4425 1690 4509 Anno
1748 4423 2018 4508 Domini
2076 4427 2259 4509 1581.
2317 4427 2445 4510 Die
2500 4426 2814 4509 Veneris
2872 4424 2948 4506 16
3003 4422 3204 4506 1ιιη11.

1099 4638 1597 4712 Decreverunt
1629 4636 2042 4713 Reverendi
2067 4638 2364 4712 Domini
2403 4613 2834 4738 Capitulum,
2875 4635 3472 4731 unanimibusque
3501 4641 3793 4709 senten-

888 4759 1010 4834 tiis
1065 4760 1590 4855 coueluserunt,
1649 4760 1868 4836 certis
1922 4761 2014 4835 ad
2064 4759 2137 4835 id
2178 4762 2482 4858 permoti
2535 4761 2776 4836 causis
2824 4768 2896 4834 et
2929 4758 3348 4852 rationibus,
3406 4765 3484 4832 ut
3515 4756 3607 4831 ab
3646 4757 3795 4832 hoe

889 4888 1210 4978 tempore
1263 4881 1571 4976 singulis
1615 4883 1687 4957 in
1727 4882 2038 4958 futurum
2094 4885 2323 4979 annis,
2381 4891 2683 4981 excepto
2750 4882 3095 4957 duntaxat
3148 4903 3336 4955 anno
3391 4902 3531 4978 quo
3585 4877 3793 4956 Visi-

888 5004 1063 5079 tatio
1115 5005 1483 5098 generalis
1534 5005 1927 5080 Pabianioe
1979 5030 2113 5104 pro
2171 5007 2684 5083 consuetudine
2756 5006 3049 5102 antiqua
3119 5010 3525 5102 peragetur,
3598 5024 3795 5077 unus

891 5148 982 5201 ex
1031 5124 1310 5220 gremio
1366 5123 1685 5224 Capituli
1738 5127 2119 5225 deputetur
2171 5137 2243 5204 et
2275 5136 2595 5227 tempore
2649 5134 3072 5226 opportuno,
3130 5125 3552 5224 praesertim
3605 5145 3791 5199 vero

886 5251 961 5322 in
1013 5248 1218 5324 initio
1271 5251 1609 5343 autumni,
1672 5251 1989 5324 mittatur
2042 5251 2136 5325 ad
2190 5250 2832 5348 circumspicienda
2885 5258 2958 5324 et
3009 5246 3402 5324 revidenda
3452 5246 3792 5346 inprimis

886 5369 1147 5446 horrea
1202 5379 1273 5447 et
1326 5373 1813 5451 oeconomiam
1886 5395 2165 5448 omnem
2217 5373 2293 5449 in
2344 5372 2662 5473 praediis
2735 5372 3168 5467 Pabiauice‚
3236 5379 3384 5447 tum
3450 5369 3544 5445 ad
3591 5367 3783 5444 veri-
