4055 6364
1832 1984 1847 1997 ’
1960 1996 2778 2123 DE'CRETA

1145 2230 1488 2322 PETRI
1550 2227 2115 2319 GEMBICKI
2177 2229 2706 2321 EPISCOPI
2769 2228 3618 2321 CRACOVIENSIS

1685 2437 2168 2513 cracoviae,
2215 2438 2354 2501 die
2399 2438 2501 2503 15
2549 2424 2757 2503 Maii
2799 2436 3044 2503 1851-

1126 2904 1387 2979 Petrus
1454 2872 1851 2977 Gembicki
1922 2905 2064 2978 Dei
2137 2913 2210 2979 et
2263 2902 2732 3002 Apostolicae
2803 2901 3017 2978 Sedis
3092 2904 3334 2999 gratia
3402 2902 3813 3001 Episcopus

917 3025 1469 3118 Oraeoviensis,
1542 3024 1715 3098 Dux
1788 3019 2174 3119 severiae}
2245 3026 2662 3101 Illustribus
2733 3033 2807 3100 et
2874 3024 3282 3100 Admodum
3359 3022 3810 3099 Reverendis

918 3148 1299 3241 Praelatis,
1356 3143 1771 3239 Canonicis,
1844 3146 2115 3243 totique
2189 3146 2526 3245 Capitulo
2597 3147 2977 3222 Ecclesiae
3031 3144 3495 3222 Cathedralis
3546 3143 3812 3221 01888-

919 3268 1222 3363 viensis,
1296 3267 1677 3342 Fratribus
1743 3266 1818 3340 in
1890 3265 2183 3343 Christo
2260 3268 2584 3363 dilectis,
2658 3269 2960 3342 8811118111
3013 3275 3087 3342 81
3137 3275 3456 3343 nostram
3509 3266 3811 3365 Episco-

920 3391 1158 3489 palem
1210 3386 1807 3463 benedictionem.
2085 3371 2090 3376 ⁸
2552 3375 2560 3382 ’

1132 3508 1537 3585 Pastoralis
1591 3531 1829 3605 curae,
1888 3517 1959 3584 et
2010 3534 2156 3606 qua
2209 3533 2339 3608 per
2391 3511 2534 3584 Dei
2585 3509 2892 3604 gratiam
2945 3509 3310 3604 fungimur
3359 3508 3534 3585 licet
3565 3509 3812 3585 imme-

921 3634 1061 3726 riti,
1136 3629 1605 3729 Episcopalis
1674 3631 2183 3706 sollicitudinis
2251 3639 2540 3707 nostrae
2609 3638 2855 3728 partes
2921 3652 3085 3705 esse
3137 3629 3668 3724 dignoscimus:
3735 3637 3818 3705 ut

923 3762 1302 3852 postquam
1351 3773 1442 3824 ex
1499 3747 1767 3824 Sancto
1821 3759 1895 3825 et
1946 3752 2220 3826 salubri
2294 3750 2604 3826 Concilii
2673 3749 3080 3826 Tridentini
3149 3751 3626 3849 praescript»,
3679 3747 3812 3826 Su-

922 3874 1153 3974 premi
1204 3871 1540 3947 Numinis
1592 3893 1733 3969 ope
1786 3872 1973 3964 freti,
2047 3870 2506 3947 Oathedralis
2574 3869 2786 3946 huius
2847 3871 3242 3967 Ecclesiae,
3299 3870 3812 3947 dilectissimae

924 3993 1252 4094 Sponsae
1280 4001 1591 4086 nostrae,
1613 3991 2073 4068 Visitationis
2103 4014 2288 4088 opus
2323 3993 2630 4067 feliciter
2655 3993 3090 4090 peregimus,
3119 4015 3209 4067 ea
3229 4014 3418 4090 quae
3455 3991 3551 4066 8(1
3583 3993 3814 4089 ipsius

922 4117 1245 4211 regimen
1300 4120 1373 4188 et
1425 4114 1661 4187 cultus
1713 4113 1965 4187 Divini
2030 4113 2580 4208 incrementum,
2655 4120 2780 4188 8111
2865 4113 3006 4188 18111
3058 4113 3181 4209 pie
3232 4112 3566 4188 ordinata
3612 4112 3812 4187 inve·

922 4236 1181 4328 nimus,
1237 4241 1361 4310 aut
1414 4231 1675 4308 exinde
1729 4233 2116 4308 constituta
2169 4241 2355 4329 sunt,
2413 4241 2704 4309 servata
2755 4254 2922 4308 esse
2975 4233 3330 4322 velimus3
3414 4240 3492 4308 81
3561 4243 3640 4308 111
3687 4255 3812 4309 no·

927 4363 1077 4431 stra
1125 4355 1203 4429 in
1253 4353 1332 4429 id
1383 4353 1841 4429 incumbente
1894 4354 2294 4452 vigilantia,
2351 4361 2596 4453 optato
2649 4362 2957 4453 pergant
3007 4354 3332 4449 fervore,
3389 4362 3464 4429 et
3513 4375 3812 4451 quorum

923 4479 1223 4555 interest
1292 4476 1623 4570 diligenti
1691 4487 2090 4614 perennent
2169 4499 2391 4576 opera
2456 4484 2670 4573 atque
2741 4475 3049 4572 pietate:
3131 4497 3266 4549 ea
3285 4464 3586 4572 propter
3655 4497 3810 4549 cum

927 4598 1295 4692 singulare
1347 4597 1520 4671 boni
1572 4594 1947 4691 regiminis
2000 4599 2394 4695 specimen,
2451 4594 2841 4672 Sacramve
2893 4595 3322 4671 Divinorum
3368 4593 3810 4732 officiorum,

928 4726 1001 4795 et
1052 4715 1612 4792 Ministeriorum
1688 4715 2204 4794 Oeconomiam
2273 4718 2492 4792 talem
2561 4718 2637 4791 111
2689 4741 2778 4793 88
2829 4717 3331 4814 repererimus,
3404 4715 3598 4791 unde
3659 4716 3809 4791 imi-

926 4838 1221 4916 tandum
1272 4838 1349 4912 in
1403 4837 1587 4912 alias
1640 4837 2025 4914 Dioeeesis
2094 4847 2386 4914 nostrae
2439 4837 2818 4914 Ecclesias
2869 4836 3149 4912 derivet
3201 4837 3628 4934 exemplum,
3683 4859 3814 4912 nec

926 4963 1165 5036 minus
1216 4959 1379 5034 loeo
1432 4964 1646 5053 atque
1700 4957 2088 5055 dignitate,
2165 4981 2378 5058 quam
2449 4961 2614 5057 ipso
2686 4959 2801 5035 sui
2852 4957 3169 5033 muneris
3253 4979 3388 5056 pro
3442 4965 3517 5032 et
3565 4957 3812 5033 lauda·

928 5082 1061 5157 bili
1114 5079 1459 5155 exercitio
1512 5079 1820 5153 caeteris
1871 5103 2217 5176 praeesse
2271 5079 2575 5174 studeat,
2632 5079 3106 5177 reassumptis
3140 5078 3456 5175 antiquis
3503 5087 3578 5154 et
3609 5079 3816 5154 novis

928 5199 1586 5279 Illustrissimorum
1683 5200 1851 5274 olim
1942 5208 2015 5274 et
2093 5201 2883 5277 Reverendissimorum
2961 5198 3433 5274 Dominorum
3513 5196 3819 5295 Georgii

929 5321 1341 5410 Radzivilii,
1397 5318 1751 5397 Bernardi
1803 5319 2218 5396 Macieiovii
2271 5319 2346 5394 S.
2403 5321 2493 5396 R.
2549 5321 2638 5394 E.
2697 5319 3211 5414 Oardinalium,
3267 5341 3358 5394 ac
3409 5317 3614 5395 Petri
3665 5319 3815 5418 Ty-
