4055 6364
1389 739 1943 815 -281—

334 973 432 1042 ΑιΙ
476 973 827 1042 secundam
874 943 1333 1060 cathegoriam
1379 971 1661 1146 statutai
1703 973 1989 1146 tmutatis
2035 974 2398 1060 temporum
2445 972 2971 1046 circumstantiis

1524 1096 1624 1149 mu
1662 1096 1702 1148 a
1736 1096 1793 1147 a.

414 1242 523 1308 De
594 1244 1154 1309 revocatione
1236 1242 1575 1310 Statuti
1656 1263 1915 1327 super
1985 1245 2496 1328 provisione
2577 1245 3114 1316 Decimarum

209 1347 549 1412 Mensae
614 1345 1165 1431 episcopalis
1229 1348 1845 1433 singularibus
1908 1350 2314 1433 personis
2398 1348 2658 1433 (Statut.
2713 1351 2918 1430 VIII).
2981 1352 3120 1419 Hoc

210 1449 527 1516 Statntum
574 1450 895 1516 conditum
942 1452 1022 1518 ad
1069 1450 1378 1529 effectum,
1448 1452 1519 1516 ut
1564 1451 1873 1518 eiusmodi
1915 1452 2214 1518 Decimae
2263 1455 2700 1518 convertantur
2745 1455 2958 1538 potius
3004 1474 3118 1540 pro

210 1555 690 1621 necessitatibus
737 1555 1097 1634 Sacristia03
1148 1557 1259 1622 sed
1297 1557 1415 1621 hoc
1450 1555 1576 1621 iam
1622 1558 1895 1639 evanuit,
1944 1557 2111 1621 facta
2157 1574 2414 1622 succesu
2462 1557 2764 1640 temporis
2808 1578 2922 1643 per
2957 1559 3116 1626 Illu-

209 1658 553 1724 strissimos
595 1658 743 1727 Loci
784 1658 1144 1726 Ordinarios
1192 1659 1524 1726 sufficienti
1564 1679 1675 1743 pro
1715 1659 2011 1726 Sacristia
2055 1660 2428 1744 provisione,
2476 1661 2814 1728 dummodo
2864 1682 2941 1729 ea
2970 1664 3114 1744 alio,

210 1781 397 1844 quam
444 1763 802 1830 ordinatum
848 1765 967 1843 est,
1016 1784 1141 1829 non
1188 1765 1629 1835 convertantur
1675 1783 1786 1846 per
1829 1764 2156 1830 Ministros
2204 1764 2498 1847 Capituli.

420 1972 532 2038 De
614 1971 1351 2039 Processionibus
1432 1972 1521 2038 ad
1594 1971 2084 2037 Ecclesiam
2175 1971 2784 2039 cathedralem
2869 1960 3120 2042 cleri

206 2074 605 2142 extranei
671 2076 928 2162 (Statut.
974 2077 1081 2160 X),
1170 2079 1467 2142 nimirum
1530 2078 1602 2142 ut
1648 2072 1863 2140 clerus
1928 2075 2349 2141 Ecclesiarum
2416 2077 2869 2160 parochialium
2932 2077 3097 2145 intra

204 2183 269 2245 et
297 2182 472 2247 extra
500 2182 747 2248 moenia
792 2180 1079 2248 Civitatis
1126 2181 1543 2258 existentium,
1595 2181 1853 2245 assistat
1898 2179 2454 2263 superpelliceatus
2493 2182 2560 2246 in
2591 2182 3104 2249 Processionibus

206 2304 318 2368 pro
366 2284 590 2350 maiori
654 2303 869 2350 earum
932 2285 1262 2351 maiestate
1328 2283 1683 2350 Cathedrali
1744 2280 1946 2361 clero,
2017 2283 2126 2365 qni
2171 2284 2318 2349 tunc
2383 2284 2526 2350 ante
2573 2304 2770 2350 annos
2815 2285 3110 2352 videlicet

203 2388 695 2473 quadringentos
744 2391 1000 2474 exignus
1048 2390 1215 2454 etat:
1267 2408 1429 2454 nunc
1476 2407 1617 2454 cum
1666 2387 2014 2453 successive
2060 2406 2171 2470 per
2207 2406 2397 2454 novas
2444 2390 2508 2454 et
2551 2407 2743 2455 novas
2789 2389 3112 2456 fundatio-

202 2512 319 2558 nes
363 2493 883 2559 communitatum
930 2493 1408 2558 sacerdotalium
1454 2510 1683 2576 magno
1740 2510 1997 2557 numero
2045 2491 2260 2571 crevit,
2309 2492 2622 2558 abolitum
2659 2493 2759 2558 est
2801 2492 2920 2558 hoc
2955 2491 3104 2559 Sta·

201 2598 450 2674 tutum3
501 2597 566 2661 in
604 2597 1094 2682 recognitionem
1129 2599 1339 2662 tamen
1379 2596 1769 2664 obedientiae
1805 2595 1953 2661 huic
1986 2593 2257 2674 Statum,
2298 2596 2428 2662 bini
2469 2598 2531 2662 et
2565 2595 2696 2661 bini
2732 2595 3103 2663 Sacerdotes

199 2701 665 2785 praedictarum
700 2701 1174 2786 parochialium,
1216 2701 1394 2766 finita
1429 2701 1841 2768 Processione
1877 2701 2099 2766 diebus
2135 2700 2502 2781 Dominicis,
2545 2719 2582 2766 a
2617 2700 2778 2766 festo
2819 2700 3100 2766 Pascha-

202 2801 289 2872 tis
335 2805 855 2898 ad*Dominicam
902 2807 1185 2889 quintam
1231 2807 1376 2889 post
1421 2807 1691 2886 Pascha,
1760 2806 2096 2871 decantant
2141 2806 2218 2871 ad
2263 2805 2432 2871 latus
2475 2804 2804 2890 Evangelii
2849 2805 3105 2872 maioris

199 2910 442 2976 Altaria
490 2909 916 2998 Antiphonam
962 2911 1428 2975 Recordamini.

414 3102 525 3166 De
573 3101 1264 3178 noncassatione
1326 3099 1901 3167 censurarum
1961 3119 2110 3185 per
2156 3099 2663 3185 capitulum
2726 3102 3106 3167 latarum

196 3226 352 3291 per
417 3205 1153 3272 Illustrissimum
1219 3204 1419 3272 Loci
1484 3201 2030 3272 Ordin'arium
2106 3202 2768 3271 cracoviensem
2838 3204 3102 3290 (Statut.

196 3310 403 3395 XVI).
455 3310 642 3377 Tales
686 3308 1001 3377 censurae
1047 3329 1191 3376 cum
1228 3329 1351 3375 non
1389 3309 1669 3376 ferantur
1704 3328 1869 3375 nunc
1913 3329 2023 3393 per
2062 3308 2442 3393 Capitulum,
2490 3309 2630 3393 ipso
2677 3309 2897 3376 disusu
2943 3310 3101 3377 abo-

194 3416 388 3481 litum
436 3416 555 3481 est.

410 3606 526 3671 De
574 3625 730 3671 non
797 3602 1455 3671 committendis
1519 3604 1775 3670 bonis
1843 3602 2528 3686 episcopalibus
2591 3602 2860 3669 laicis
2926 3602 3098 3687 (Sta-

192 3710 317 3776 tua
355 3710 572 3775 XVIII
601 3711 665 3775 et
694 3710 984 3793 XXXV).
1034 3710 1107 3774 Id
1153 3708 1312 3775 ratio
1358 3707 1661 3791 temporis
1708 3707 2063 3773 calamitosi
2109 3706 2403 3785 abolevit,
2454 3706 2712 3791 propter
2753 3706 3102 3773 faciliorem

190 3816 461 3882 modum
508 3814 794 3880 tuitionis
840 3814 1146 3880 bonorum
1189 3832 1302 3897 per
1346 3812 1706 3878 Praefectos
1754 3812 1817 3876 et
1860 3810 2426 3877 Administratores
2473 3813 2550 3877 ab
2590 3812 3104 3895 oppressionibus

190 3920 607 3987 militaribus.

412 4109 519 4175 De
602 4108 1172 4191 susceptione
1254 4106 1344 4171 ad
1408 4106 1761 4190 praedia
1834 4104 2394 4191 episcopalia
2465 4104 3104 4173 canonicorum

188 4208 469 4299 (Statut.
516 4214 715 4298 XXI).
759 4212 901 4279 Hoc
946 4213 1023 4279 ad
1069 4230 1367 4296 praesens
1412 4229 1538 4276 non
1582 4211 1964 4295 practicatur
2009 4210 2089 4276 ob
2137 4209 2620 4295 generositatem
2667 4212 2729 4276 et
2775 4208 3100 4275 discretio-

182 4338 341 4386 nem
392 4316 866 4401 capitularium.

408 4509 515 4575 De
574 4506 1072 4573 traditione
1144 4506 1514 4571 clavium
1578 4504 2014 4571 thesaurii
2080 4500 2540 4570 Ecclesiae
2605 4522 2759 4570 seu
2819 4484 3099 4571 Sacri-

182 4616 431 4684 stiae
477 4612 733 4699 (Statnt.
780 4611 1008 4695 XXV).
1058 4610 1242 4675 Nunc
1308 4611 1385 4675 ad
1428 4610 1495 4675 id
1543 4609 1729 4675 officii
1791 4628 1913 4674 non
1960 4628 2029 4675 se
2071 4608 2368 4693 ingerunt
2430 4608 2897 4687 Procuratores,
2949 4627 3093 4674 cnm

176 4738 317 4787 usu
366 4717 821 4802 praescriptum
867 4716 969 4796 sit,
1039 4714 1246 4781 claves
1308 4713 1643 4781 Sacristiae
1708 4714 1939 4780 servari
2008 4733 2044 4780 a
2088 4712 2633 4779 Reverendissimo
2702 4711 2979 4779 custode
3037 4714 3101 4777 et

178 4822 724 4891 Vicecnstodibus
769 4820 1011 4887 iuratis.

409 5015 515 5081 De
578 5011 1015 5079 faciendis
1089 5011 1593 5078 rationibus
1665 5002 1747 5077 er
1809 5010 2364 5094 proventibus
2431 5004 3097 5092 capitularibus

174 5126 223 5192 b
243 5124 269 5188 i
293 5142 331 5188 s
394 5121 467 5185 in
530 5138 569 5185 a
586 5138 629 5183 n
648 5137 689 5182 n
710 5136 746 5181 o
821 5114 1063 5201 (Statut
1106 5115 1333 5197 LXII).
1408 5118 1549 5183 Hoc
1593 5114 1912 5181 Statutum
1973 5134 2088 5198 per
2133 5114 2414 5179 disusum
2481 5112 2784 5178 abolitum
2848 5112 2964 5189 est,
3032 5110 3098 5175 et

170 5246 317 5295 non
366 5223 487 5289 nisi
552 5222 749 5289 semel
807 5222 873 5285 in
918 5237 1079 5284 anno
1144 5220 1209 5282 in
1258 5217 1549 5303 capitulo
1614 5220 1892 5303 generali
1953 5218 2116 5283 Tran
2127 5217 2411 5283 slationis
2477 5214 2695 5281 Sancti
2763 5212 3087 5295 Stanislai,

175 5328 506 5402 eiusmodi
552 5326 825 5394 rationes
873 5326 1282 5410 excipiuntur.

864 5424 883 5435 ‘
2699 5424 2783 5487 36
