4055 6364
1390 755 1963 835 -261—

420 965 688 1042 Vinum
742 963 1244 1042 Sacrosanctis
1297 966 1578 1043 Missae
1632 965 2027 1042 Sacrificiis
2086 975 2159 1041 ut
2229 967 2491 1041 abhinc
2545 975 2881 1064 quantum
2923 968 3118 1045 'fieri

216 1089 504 1184 poterit,
562 1088 926 1186 optimum,
968 1088 1181 1162 etiam
1220 1091 1767 1163 transmarinum
1821 1090 2306 1186 provideatur,
2343 1090 2805 1183 iniungimus.

423 1206 607 1283 Cum
661 1205 1021 1300 Praelato,
1101 1205 1473 1284 Canonico
1545 1210 1636 1286 ad
1701 1209 2213 1284 celebrandam
2263 1207 2567 1284 Missam
2620 1211 2932 1286 intrante
2984 1208 3116 1287 Sa-

212 1329 556 1422 cristiam,
614 1349 755 1403 non
812 1327 955 1402 nisi
1005 1327 1456 1422 ingrediatur
1526 1330 1839 1406 famulus
1891 1354 2101 1407 unus.
2221 1329 2448 1406 Ouius
2501 1340 2580 1406 ut
2629 1332 2920 1408 facilior
2969 1355 3117 1408 me-

211 1451 447 1528 moria
495 1450 867 1542 habeatur,
944 1450 1283 1545 affigatur
1333 1451 1603 1525 tabella
1658 1475 1830 1548 prae
1884 1451 2164 1527 foribus
2217 1448 2638 1547 sacristiae,
2707 1475 2902 1550 quae
2957 1453 3116 1528 vul-

209 1574 379 1668 gari
426 1571 769 1647 idiomate
822 1571 1205 1646 admoneat
1257 1572 1395 1646 sub
1446 1595 1682 1669 poena
1736 1573 2512 1647 excommunicationis.

420 1691 1076 1769 Praedecessorum
1167 1701 1570 1768 nostrorum
1660 1693 1975 1790 antiquis
2063 1691 2505 1767 inhaerendo
2614 1693 3109 1793 praescriptis,

209 1815 571 1912 pensilem
640 1815 982 1892 tabellam
1050 1813 1145 1888 ad
1199 1813 1451 1889 Altare
1524 1814 1757 1889 maius
1783 1814 1976 1889 ‘loco
2033 1813 2516 1889 commodiore
2568 1815 2771 1910 affigi
2822 1815 3116 1890 manda·
3198 1840 3207 1848 ··

208 1957 395 2030 mus,
451 1958 543 2009 ne
579 1936 743 2031 quis
795 1935 1423 2032 Presbyterorum,
1480 1932 1925 2010 Clericorum
1971 1942 2044 2009 et
2082 1932 2593 2032 saecularium,
2652 1934 2940 2011 Officiis
2997 1943 3121 2012 aut

206 2055 619 2131 Minister-io
672 2055 1083 2154 adscriptus
1136 2057 1345 2131 istius
1396 2055 1801 2151 Ecclesiae,
1873 2057 2063 2130 intra
2108 2057 2382 2130 Divina
2435 2055 2719 2152 Officia,
2779 2057 2937 2132 sine
2985 2054 3118 2132 Su-

208 2177 661 2274 perpelliceo
722 2177 1171 2272 ingrediatur
1238 2178 1477 2251 locum
1531 2175 1983 2275 Presbyterii
2053 2178 2189 2252 sub
2243 2199 2479 2275 poena
2552 2177 3119 2253 excommunica-

206 2297 457 2372 tionis.
1298 2315 1305 2322 '

420 2418 804 2496 Praelatos
858 2427 931 2494 et
984 2418 1391 2496 Canonicos
1462 2421 1760 2495 Fratres
1831 2428 2124 2495 nostros
2178 2421 2488 2495 monitos
2543 2443 2708 2495 esse
2761 2421 3116 2516 volumus,

208 2547 290 2615 ut
344 2539 625 2636 Missis,
684 2538 991 2628 Officiis,
1047 2563 1183 2614 nec
1236 2563 1379 2614 non
1433 2538 1973 2615 Anniversariis
2029 2542 2597 2636 Defunctorum,
2655 2555 2844 2616 cum'
2875 2540 3122 2617 debita

204 2659 629 2754 attentione,
671 2661 1075 2753 devotione,
1132 2661 1423 2735 silentio
1462 2668 1536 2735 et
1569 2663 1845 2758 absque
1882 2662 2269 2758 colloquiis
2302 2661 2666 2755 intersint,
2705 2662 2842 2736 sub
2879 2684 3119 2760 poena

215 2781 641 2856 amissionis
695 2782 1267 2857 distributionum
1323 2781 1521 2856 illius
1575 2782 1741 2857 diei.

426 2900 534 2976 Ut
584 2911 783 2977 tanto
834 2904 1093 2978 melius
1153 2927 1295 2998 qua
1350 2903 1791 2997 communia,
1870 2927 2013 2999 qua
2095 2903 2391 3002 propria
2444 2904 2637 2977 bona
2691 2926 2824 2978 sua
2876 2901 3117 2977 Vene-

204 3025 453 3101 rabile
504 3023 915 3122 Capitulum
971 3047 1224 3101 curare
1279 3024 1531 3121 possit,
1590 3025 1922 3100 omnibus
1976 3032 2050 3099 et
2085 3025 2393 3120 singulis
2429 3047 2519 3098 ex
2557 3023 2895 3121 Capitulo
2934 3024 3117 3099 duos

206 3144 376 3221 dies
431 3147 802 3221 absentiae
855 3148 950 3221 ab
1006 3146 1365 3240 Ecclesia,
1424 3169 1567 3221 non
1622 3154 1859 3221 tamen
1913 3146 2240 3239 festivos,
2297 3147 2498 3222 iuxta
2531 3145 2880 3222 hactenus
2914 3169 3114 3222 rece-

128 3258 141 3277 ‘
202 3276 413 3366 ptam
482 3275 556 3341 et
632 3269 952 3343 Decreto
1027 3266 1433 3365 Capitulari
1501 3267 1851 3341 firmatam
1928 3268 2538 3363 consuetudinem,
2615 3268 2939 3364 quolibet
2990 3268 3115 3343 tri-

202 3388 465 3463 mestri
517 3387 1033 3463 visitandorum
1090 3390 1442 3463 bonorum
1497 3410 1788 3463 suorum
1845 3413 2092 3479 causa,
2148 3390 2611 3465 concedimus
2665 3397 2738 3465 et
2788 3388 3118 3487 indulge-

202 3532 395 3603 mus,
451 3510 552 3584 ita
604 3516 866 3605 tamen,
921 3518 999 3583 nt
1052 3511 1117 3585 si
1170 3510 1311 3585 hoc
1362 3509 1645 3585 indulto
1698 3512 1773 3584 in
1828 3533 1978 3586 uno
2033 3511 2373 3585 trimestri
2427 3510 2693 3607 aliquis
2747 3534 2922 3586 usus
2974 3532 3120 3585 non

201 3630 453 3725 fuerit,
506 3630 686 3705 illud
739 3634 813 3705 in
868 3630 1068 3706 aliud
1121 3653 1501 3707 reservare
1556 3632 1699 3706 sibi
1751 3653 1894 3706 non
1949 3633 2206 3728 possit.

424 3750 726 3827 Archivi
807 3753 1185 3827 Ecclesiae
1272 3761 1344 3827 et
1395 3752 1893 3828 Bibliothecae
1948 3754 2216 3829 veteris
2269 3754 2850 3829 reformationem
2903 3754 3120 3830 toties

200 3882 380 3949 ante
434 3874 593 3948 Nos
647 3872 1028 3967 decretam,
1073 3874 1422 3948 hactenus
1476 3882 1713 3949 tamen
1767 3873 2174 3970 neglectam
2230 3881 2302 3949 et
2352 3875 2868 3969 intermissam,
2923 3875 3116 3970 regi·

200 3996 431 4070 minis
483 3996 713 4069 nostri
766 4002 1089 4093 tempore
1168 3996 1518 4093 perficere
1588 3995 1983 4093 cupientes,
2058 3994 2511 4071 Praefectum
2573 3995 2926 4071 eiusmodi
2977 3993 3116 4068 Ar-

202 4114 412 4189 chivi
466 4122 539 4189 et
590 4115 1090 4193 Bibliothecae
1155 4116 1591 4190 instituimus
1646 4124 1719 4189 et
1770 4114 2241 4210 designamus
2293 4115 2663 4192 Illustrem
2720 4124 2792 4189 et
2844 4115 3116 4190 Admo-

200 4237 385 4313 dum
457 4236 962 4312 Reverendum
1019 4235 1456 4332 Gregorium
1512 4237 1893 4311 Borastnm
1948 4238 2009 4310 Ι.
2049 4236 2148 4312 U.
2189 4239 2285 4311 D.
2343 4236 2786 4314 Canonicum
2843 4236 3115 4312 Cracc-

200 4358 565 4450 viensem,
620 4356 950 4432 Fratrem
1006 4365 1348 4451 nostrum,
1406 4358 1529 4453 qui
1585 4358 2106 4432 Bibliothecam
2165 4358 2452 4455 quidem
2505 4382 2664 4433 cum
2718 4359 2964 4456 aliquo
3021 4382 3114 4433 ex

199 4477 803 4554 Poeuitentiariis
882 4480 1230 4553 Foxianis
1253 4537 1273 4573 ,
1344 4478 1739 4554 Archivum
1813 4503 2007 4554 vero,
2061 4504 2220 4556 cum
2275 4478 2740 4555 Venerabilis
2793 4478 3116 4577 Capituli

200 4597 625 4674 Secretario
678 4598 1055 4693 revidebit,
1111 4601 1529 4675 reformabit
1582 4609 1653 4675 et
1703 4603 1777 4675 in
1832 4602 1998 4675 loco
2056 4600 2432 4677 commodo
2488 4601 2896 4675 collocabit.

424 4720 717 4811 Iurium,
772 4721 1352 4816 Privilegiorum,
1409 4745 1497 4795 ac
1550 4722 1853 4796 aliarum
1909 4723 2325 4818 quarumvis
2377 4719 2917 4821 Scripturarum
2970 4720 3114 4795 Ec-

200 4841 490 4917 clesiae
570 4848 859 4917 nostrae
922 4842 1461 4939 quomodolibet
1530 4844 1990 4919 servientium
2062 4844 2510 4920 indemnitati
2593 4845 2970 4920 consulere
3045 4852 3118 4917 et

196 4962 533 5038 interitui
585 4962 879 5037 obviare
934 4985 1066 5060 pro
1120 4964 1362 5038 officio
1417 4958 1663 5039 nostro
1717 4965 2130 5061 cupientes,
2195 4963 2690 5041 decernimus:
2745 4975 2825 5042 ut
2876 4965 3119 5040 omnia

198 5085 407 5174 Iura,
464 5084 864 5179 Privilegia
897 5092 969 5159 et
1005 5082 1417 5183 Scripturas
1456 5084 1829 5179 eiusmodi,
1887 5093 2033 5160 tam
2086 5085 2653 5186 Episcopalium,
2711 5109 2918 5184 quam
2972 5084 3114 5160 Ca-

201 5205 629 5303 pitularium
706 5206 1090 5302 bonorum,
1163 5229 1299 5280 nec
1371 5231 1511 5281 non
1584 5207 1882 5282 aliarum
1956 5207 2475 5300 Ecclesiarum,
2550 5208 2758 5282 libris
2830 5204 2924 5281 ad
2975 5205 3118 5282 hoc
