4055 6364
1430 643 2105 784 -235-'

255 912 405 988 rali
460 912 882 1008 congregati
934 913 1308 990 declarare
1361 915 1734 1012 cupientes
1755 971 1776 1010 ,
1849 915 2031 991 visis
2082 916 2563 994 anterioribus
2617 919 2954 996 Decretis
3010 923 3164 998 suis

259 1036 808 1134 capitularibus,
845 1060 977 1135 per
1015 1061 1200 1133 quae
1239 1037 1554 1134 virgulta
1587 1038 1862 1113 maiora
1930 1061 2064 1136 pro
2123 1039 2614 1116 consolatione
2686 1042 3163 1120 Dominorum

259 1159 788 1258 capitularium
842 1162 1398 1236 reservabantur
1433 1167 1506 1235 et
1541 1161 2158 1255 convertebantur,
2216 1161 2495 1236 minora
2547 1185 2722 1238 vero
2774 1187 2911 1260 pro
2965 1188 3158 1241 com-

257 1280 479 1356 modo
506 1289 579 1356 et
614 1282 941 1375 utilitate,
982 1283 1674 1381 necessitatibusque
1711 1283 2399 1380 praestimoniorum,
2431 1290 2677 1382 utpote
2713 1285 3160 1383 sepimentis,

253 1404 433 1478 foco
489 1411 560 1478 et
593 1405 1168 1506 reparationibus
1221 1406 1495 1480 viarum
1535 1404 2080 1479 Pei-illustribus
2126 1404 2465 1479 Dominis
2511 1404 2960 1502 Regentibus
2994 1430 3159 1505 per-

253 1524 744 1617 mittebantur,
822 1533 892 1599 et
943 1535 1086 1600 tam
1141 1526 1440 1600 arbores
1463 1583 1481 1617 ,
1559 1549 1771 1621 quam
1843 1526 2161 1619 virgulta
2213 1526 2287 1599 in
2343 1526 2552 1602 silvis
2616 1529 3158 1625 praestimonia-

251 1647 458 1722 libus
511 1655 582 1721 et
634 1647 964 1721 villarum
1019 1648 1156 1722 sub
1211 1647 1652 1744 protectione
1689 1645 2069 1744 capitulari
2117 1647 2571 1723 existentium
2643 1651 3159 1747 excrescentia,

255 1792 453 1866 quae
517 1769 866 1866 pecuniae
930 1791 1061 1865 pro
1118 1769 1504 1843 divenditis
1557 1768 1928 1862 collectae,
1998 1769 2187 1843 inter
2239 1770 2595 1845 Dominos
2646 1769 2737 1846 de
2792 1769 3152 1869 Capitale,

249 1891 689 1988 praesertim
741 1891 816 1964 in
873 1889 1232 1988 Capitulis
1281 1890 1708 1988 partialibus
1762 1888 2287 1986 dividebantur3
2342 1890 2510 1966 ideo
2548 1891 2993 1968 inhaerendo
3028 1918 3156 1968 an·

251 2013 508 2110 tiquae
569 2012 1106 2108 consuetudini,
1164 2011 1254 2088 de
1306 2012 1624 2087 unanimi
1679 2011 1987 2088 consilio
2045 2011 2517 2088 decreverunt
2571 2021 2645 2089 et
2696 2013 3151 2091 decernendo

249 2142 666 2211 statuerunt
734 2137 810 2209 in
879 2135 1192 2211 futurum
1265 2133 1832 2210 observandum:
1908 2144 1987 2209 ut
2054 2135 2299 2210 nullus
2369 2135 2840 2212 Dominorum
2909 2138 3157 2213 villam

248 2257 917 2356 praestimonialem
989 2280 1083 2330 ex
1134 2257 1606 2332 concessione
1662 2255 1981 2354 Capituli
2056 2256 2411 2350 obtinens,
2486 2258 2643 2333 sive
2694 2256 3152 2335 fundationa-

246 2379 402 2454 lem
454 2402 588 2477 per
639 2385 1081 2454 contractum
1153 2377 1539 2477 possidens
1561 2435 1580 2474 ,
1653 2378 1921 2454 habeat
1972 2386 2399 2476 potestatem
2470 2381 2792 2473 arbores,
2865 2381 3151 2474 robora,

248 2508 334 2576 et
383 2500 719 2597 virgulta,
775 2511 919 2576 tam
971 2499 1066 2575 ad
1122 2524 1469 2599 praesens
1517 2499 1920 2596 existentia,
1979 2515 2191 2596 quam
2225 2499 2300 2574 in
2338 2500 2650 2575 futurum
2704 2501 3145 2600 reperibilia,

249 2623 572 2722 cuipiam
625 2624 962 2718 vendere,
1023 2623 1314 2717 donare,
1370 2631 1494 2697 aut
1546 2623 1693 2698 alio
1747 2622 2005 2718 quovis
2057 2620 2273 2697 modo
2325 2623 2667 2718 alienare,
2724 2621 2856 2698 sed
2892 2647 3023 2699 cas
3058 2623 3154 2699 ad

249 2745 808 2844 dispositionem
862 2745 1198 2844 Capituli,
1273 2746 1661 2821 constituto
1715 2743 1809 2819 ad
1863 2745 1934 2821 id
1987 2745 2187 2820 fideli
2238 2743 2561 2840 custode,
2616 2745 2694 2818 in
2748 2747 3151 2843 suprascri-

245 2877 427 2968 ptos
480 2870 710 2943 bonos
752 2867 958 2963 fines,
1015 2867 1354 2943 videlicet
1407 2889 1539 2966 pro
1593 2867 2088 2943 consolatione
2140 2866 2457 2964 Capituli
2512 2875 2585 2942 et
2634 2865 3152 2964 Ministrorum,

247 3012 522 3088 nempe
565 2989 848 3066 Notarii
886 2999 957 3065 et
989 2989 1686 3088 Viceprocuratoris,
1741 3013 1832 3064 ac
1883 2990 2317 3065 necessitate
2368 2989 2694 3065 locorum
2744 3012 3145 3085 reservare,

247 3111 488 3211 idque
530 3113 668 3188 sub
721 3112 978 3211 poenis
1032 3113 1330 3188 arbitrio
1379 3112 1849 3189 Dominorum
1907 3110 2428 3211 Capitularium
2478 3112 2553 3188 in
2609 3113 3151 3190 contravenien-

248 3243 403 3311 tem
453 3235 821 3334 praesenti
875 3232 1155 3312 Statuto
1209 3234 1700 3312 extendendis.

1503 3562 1904 3667 CCXCV.

251 3777 659 3860 Decretum
715 3776 1012 3886 ratione
1068 3774 1450 3876 pensionis
1507 3774 1605 3856 ab
1660 3774 2079 3861 Abbatibus
2136 3773 2220 3856 et
2254 3772 2421 3855 aliis
2477 3771 3147 3855 Reverendiesimis

253 3898 625 3982 iudicibus
680 3897 776 3980 ad
830 3897 1173 3980 'tribunal
1225 3896 1447 4000 Requi
1489 3897 1908 3998 annutans.
1969 3897 2176 3993 Anno
2225 3892 2412 3975 1742
2453 3894 2568 3977 die
2618 3895 2695 3975 15
2735 3895 3147 3978 Februarii.

467 4106 824 4199 Quoniam
894 4107 1284 4205 pensiones
1355 4106 2013 4183 Reverendissimis
2072 4104 2410 4181 Dominis
2460 4103 2832 4179 Iudicibus
2884 4102 3149 4178 Tribu-

249 4230 448 4305 nalis
499 4230 740 4325 Regni
793 4229 885 4305 de
937 4229 1214 4325 gremio
1286 4230 1692 4327 praesentis
1744 4226 2063 4325 Capituli
2116 4226 2443 4325 deputari
2498 4224 2774 4318 solitis,
2849 4227 2943 4300 ab
2996 4224 3149 4301 Ab·

249 4352 582 4447 batibus,
656 4351 1075 4428 Abbatissis
1147 4359 1218 4425 et
1289 4350 1736 4451 Praepositis
1815 4349 2303 4445 Regularibus
2373 4372 2506 4447 per
2575 4345 3149 4422 Constitutiones

250 4473 652 4573 synodales
720 4476 1166 4570 assignatae,
1239 4474 1362 4547 vix
1422 4474 1517 4549 ab
1565 4472 1928 4569 aliquibus
1980 4471 2376 4564 solvuntur,
2431 4470 2525 4543 ab
2577 4470 2744 4544 aliis
2799 4491 2973 4544 vero
3026 4476 3152 4545 aut

253 4595 608 4690 difficilis,
683 4606 807 4673 aut
855 4595 1275 4694 plerumque
1331 4595 1527 4670 nulla
1577 4594 1829 4670 haberi
1862 4599 2103 4692 potest
2138 4590 2504 4688 repetitio:
2559 4589 2727 4666 ideo
2778 4590 3148 4665 Reveren-

255 4717 538 4794 dissimi
606 4718 902 4794 Domini
970 4715 1256 4793 modum
1308 4716 1384 4790 in
1434 4723 1598 4791 ante
1669 4716 2035 4813 provisum
2090 4714 2347 4805 secuti,
2419 4720 2499 4788 ut
2549 4711 2891 4787 videlicet
2960 4712 3149 4788 tales

253 4842 648 4941 pensiones
701 4842 895 4916 circa
945 4840 1040 4915 im
1047 4838 1475 4938 poi-tantiam
1529 4838 2074 4914 contributionis
2125 4835 2547 4935 hybernalis
2599 4858 2731 4934 per
2778 4835 3145 4910 Reveren-

257 4962 635 5039 dissimffl1
704 4962 1093 5038 Dominum
1149 4959 1740 5036 Commissarium
1791 4958 2250 5057 recipiantur,
2308 4966 2381 5033 et
2434 4958 2498 5034 si
2551 4956 2815 5055 aliquis
2865 4956 2939 5030 in
2995 4955 3141 5031 sol-

257 5084 497 5161 vendo
567 5085 888 5161 renitens
959 5084 1196 5180 fuerit,
1270 5083 1484 5158 etiam
1552 5104 1642 5156 cx
1695 5090 1914 5179 quota
1989 5103 2123 5180 pro
2198 5078 2552 5155 solvenda
2620 5076 3143 5154 contributione

259 5207 527 5304 oblata,
583 5208 770 5283 tales
819 5208 1208 5308 pensiones
1242 5213 1409 5281 ante
1444 5204 1683 5280 omnia
1718 5201 2203 5298 detrahantur,
2260 5202 2611 5301 reliquum
2663 5201 2919 5277 intuitu
2970 5223 3141 5276 con-

259 5328 670 5407 tributionis
721 5329 1178 5429 suscipiatur,
1233 5326 1757 5429 concluserunt.
