4055 6364
2202 760 2719 839 —48—

1009 970 1275 1046 fuerint
1325 969 1771 1063 obtinebunt,
1827 968 2141 1071 demptis
2192 971 2528 1071 panibus,
2582 993 2767 1069 quos
2820 980 3159 1070 tanquam
3210 972 3555 1049 absentes
3604 994 3749 1049 non
3788 970 3924 1047 ha·
4024 993 4031 999 ·

1008 1093 1319 1188 bebunt‚
1393 1094 1564 1191 quia
1615 1116 1978 1192 expensas
2031 1091 2128 1169 ad
2180 1094 2355 1169 talia
2406 1096 2701 1189 negotia
2772 1094 3139 1193 accipiunt
3206 1093 3661 1195 disponenda
3712 1094 3923 1193 equi·

1013 1224 1270 1311 tentes,
1328 1216 1470 1291 nisi
1517 1223 1692 1311 tunc
1743 1216 1928 1291 forte
1982 1214 2078 1290 ad
2130 1238 2357 1315 prope
2412 1224 2485 1292 et
2537 1216 2694 1293 sine
2749 1217 3093 1316 expensis
3144 1217 3351 1294 missi
3402 1218 3689 1313 fuerint,
3742 1224 3927 1293 tunc

1011 1345 1084 1413 et
1135 1361 1364 1437 panes
1419 1337 1690 1415 habere
1745 1344 2071 1438 possunt.

2324 1649 2603 1754 LXV.

1011 1860 1121 1943 ue
1176 1858 1600 1945 avisatiene
1663 1878 1805 1963 per
1857 1860 2441 1945 Procuratorem
2496 1859 2595 1943 ad
2648 1857 3057 1963 capitulum
3116 1861 3183 1943 in
3240 1859 3499 1946 arduis
3562 1861 3922 1963 nononis.

1219 2070 1288 2144 A
1342 2070 1789 2168 publicorum
1845 2076 1919 2146 et
1969 2070 2447 2147 communium
2516 2070 2967 2167 negotiorum
3038 2070 3289 2145 labore
3354 2078 3429 2145 et
3478 2072 3923 2169 praesentia,

1014 2193 1462 2289 subterfugia
1515 2192 2037 2291 quaeritantem
2098 2192 2412 2292 publicis
2466 2201 2539 2269 et
2590 2192 3085 2269 communibus
3156 2194 3607 2269 contravenit
3656 2194 3925 2270 edictis

1015 2316 1278 2415 puniri.
1333 2314 1433 2391 Et
1483 2314 1787 2414 proinde
1841 2314 2243 2410 statuimus,
2302 2314 2497 2413 quod
2549 2316 3117 2413 quotiescunque
3166 2314 3551 2391 Praelatus
3604 2315 3721 2390 vel
3772 2314 3923 2392 Ca·

1014 2439 1318 2515 nonicus
1386 2438 1462 2512 in
1537 2436 1850 2514 Civitate
1905 2436 2379 2515 Cracoviensi
2446 2439 2805 2532 existens,
2880 2438 3203 2513 avisatus
3274 2444 3350 2513 et
3416 2445 3717 2513 vocatus
3788 2462 3929 2537 per

1013 2560 1562 2636 Procuratorem
1616 2557 1936 2659 Capituli
1986 2561 2205 2635 fuerit
2256 2583 2390 2660 pro
2444 2583 2869 2657 quoeunque
2922 2560 3219 2655 negotio
3274 2559 3725 2658 disponendo
3746 2616 3766 2652 ,
3826 2560 3927 2636 ad

1021 2681 1439 2781 Capitulum
1491 2682 1739 2757 venire
1793 2683 2343 2783 contempserit,
2398 2683 2729 2759 omnibus
2780 2682 3293 2759 refectionibus
3344 2691 3417 2757 et
3469 2682 3927 2782 portionibus

1014 2813 1160 2879 tam
1211 2803 1652 2903 pecuniariis
1704 2827 1918 2901 quam
1973 2828 2235 2902 panum
2291 2828 2423 2903 per
2471 2805 2829 2901 integram
2882 2806 3354 2904 septimanam
3410 2812 3655 2881 careat
3682 2860 3702 2899 ,
3758 2805 3925 2881 sine

1014 2950 1370 3003 murmure
1425 2934 1498 3001 et
1550 2949 1974 3025 quacunque
2031 2926 2619 3002 contradictione.

2307 3254 2629 3357 LXVL

1018 3466 1123 3547 ne
1196 3485 1337 3548 nen
1406 3464 1903 3568 procurandis
1967 3465 2354 3550 instantiis
2422 3467 2506 3546 et
2567 3462 3246 3548 intercessionibus
3310 3481 3447 3564 pre
3516 3461 3928 3546 obtinendo

1497 3587 2075 3685 Praestimenie,
2132 3586 2345 3686 viiia,
2404 3585 2617 3670 deme
2672 3588 2809 3669 aut
2861 3585 3005 3668 aiio
3061 3581 3449 3667 beneficio.

1227 3799 1588 3890 Quoniam
1641 3820 1864 3896 saepe
1919 3797 2273 3894 contingit
2324 3804 2624 3897 propter
2673 3797 3267 3872 intercessionem
3320 3795 3648 3892 Regum,
3724 3795 3928 3871 Pon-

1016 3923 1326 4017 tificum,
1393 3921 1810 4019 Principum
1865 3927 1936 3994 et
1987 3921 2291 3996 aliarum
2364 3920 3022 3995 ecclesiasticarum
3074 3927 3149 3994 et
3200 3919 3679 3994 saecularium
3752 3941 3929 4016 per-

1019 4068 1378 4138 sonarum,
1432 4043 1638 4136 Jura,
1694 4039 1996 4136 Statuta,
2054 4041 2545 4118 ordinationes
2594 4051 2666 4118 et
2702 4040 3265 4118 eonsuetudines
3315 4039 3724 4116 laudabiles
3766 4035 3931 4116 Ee·

1020 4168 1289 4244 clesiae
1361 4173 1652 4241 nostrae
1707 4163 2220 4240 Cracoviensis
2273 4166 2577 4258 turbari,
2634 4172 2705 4240 et
2758 4156 3110 4262 personas
3178 4161 3573 4238 immeritas
3642 4163 3936 4238 meritis

1020 4288 1411 4389 praeferri:
1474 4311 1617 4385 quo
1672 4286 1867 4362 eirca
1920 4287 2012 4362 de
2065 4287 2395 4382 consilio,
2454 4311 2811 4362 consensu
2864 4296 2939 4361 et
2972 4287 3493 4386 approbatione
3544 4286 3933 4362 Reveren-

1027 4411 1308 4486 dissimi
1360 4411 1591 4508 patris
1628 4410 1899 4485 domini
1945 4407 2248 4506 Sbignei
2299 4408 2654 4509 Episcopi
2707 4408 3240 4504 Cracoviensis,
3296 4408 3800 4483 constituimus
3858 4417 3941 4483 et

1022 4533 1526 4608 confirmamus
1598 4532 1834 4607 edicto
1857 4589 1874 4622 ,
1931 4539 2010 4606 ut
2063 4532 2469 4629 quicunque
2541 4531 2633 4606 de
2686 4540 3005 4622 caetero,
3044 4531 3427 4606 Praelatus
3481 4537 3553 4606 et
3605 4528 3935 4605 Canoni-

1021 4681 1172 4750 cus,
1229 4655 1602 4750 Altarista,
1655 4653 2029 4748 Vicarius,
2086 4654 2651 4752 Mansionarius,
2711 4654 3141 4729 Psalterista
3192 4653 3573 4729 Ecclesiae
3628 4660 3938 4728 nostrae

1022 4778 1532 4854 Craeoviensis
1586 4777 2073 4874 cuiuscunque
2127 4779 2591 4873 conditionis,
2647 4785 2879 4854 status
2930 4785 3055 4852 aut
3104 4776 3713 4883 praeeminentiae
3764 4777 3936 4852 fue·

1021 4903 1146 4996 rit,
1221 4899 1318 4976 ad
1369 4900 1773 4976 habendum
1829 4900 2295 4993 beneficium,
2378 4902 2627 4975 villam
2697 4900 2816 4974 vel
2889 4899 3174 4975 domum
3252 4897 3715 4996 capitularem
3800 4907 3941 4972 aut

1022 5047 1486 5122 quascunque
1539 5046 1657 5098 res
1711 5046 1801 5097 ex
1854 5024 2154 5098 arbitrio
2208 5032 2282 5100 et
2318 5022 2793 5122 dispositione
2866 5020 3185 5120 Capituli
3239 5018 3753 5120 dependentes,
3815 5021 3937 5095 in-

1021 5147 1464 5222 tercessione
1517 5145 1824 5240 Regum,
1880 5144 2330 5241 Pontificum,
2386 5147 2801 5244 Principum
2855 5152 2979 5220 aut
3029 5145 3332 5221 aliarum
3386 5142 3936 5218 ecclesiastica·

1022 5292 1179 5345 rum
1231 5274 1356 5343 aut
1407 5267 1882 5343 saecularium
1955 5291 2428 5366 personarum
2497 5293 2675 5345 usus
2742 5267 3004 5361 fuerit,
3078 5266 3294 5342 etiam
3348 5266 3412 5342 si
3464 5265 3939 5374 interpositio

1024 5399 1099 5466 et
1146 5390 1571 5467 intercessio
1627 5392 1941 5466 colorem
1995 5399 2231 5467 motus
2295 5391 2573 5492 proprii
2622 5391 2960 5484 haberet,
3030 5387 3125 5464 ad
3181 5387 3643 5464 obtinendum
3700 5388 3935 5465 bene·
