4055 6364
2000 706 2566 785 -286—

830 922 969 989 sola
1014 937 1203 987 causa
1265 917 1665 1000 infirmitalis,
1732 916 1785 981 si
1830 914 1982 997 quid
2026 916 2436 999 perciperent,
2505 918 2766 1001 peccent
2811 917 3156 983 mortaliter
3197 918 3260 982 et
3303 918 3601 983 tenentur
3649 916 3726 981 ad

828 1025 1288 1093 restitutionem
1336 1023 1499 1089 male
1547 1020 1841 1106 percepti.
1891 1020 2154 1103 Hocque
2198 1020 2407 1103 ipsum
2451 1018 2651 1089 fusius
2698 1020 3068 1088 confirmant
3114 1024 3178 1087 et
3214 1020 3536 1089 declarant
3582 1018 3728 1085 Sta·

828 1131 969 1196 tuta
1014 1128 1364 1214 (LXXXVI
1412 1130 1475 1193 et
1519 1126 1771 1208 CVIII),
1842 1144 2001 1208 quae
2066 1125 2256 1190 etiam
2317 1125 2654 1207 Deputatis
2717 1127 2782 1189 in
2831 1125 3101 1209 negotiis
3163 1124 3488 1190 Ecclesiae
3547 1127 3611 1188 et
3651 1124 3728 1189 ad

830 1233 1135 1299 Tribunal
1180 1232 1383 1319 Regni
1430 1230 1777 1297 concedunt
1821 1228 2243 1313 praesentiam
2290 1228 2897 1295 Anniversariorum.

1038 1336 1345 1417 Quoniam
1405 1352 1551 1401 vero
1618 1334 1967 1415 antiquitus
2056 1332 2121 1397 in
2185 1332 2731 1399 distributionibus
2805 1332 3113 1399 eiusmodi
3204 1332 3734 1399 insimulabantur

834 1441 1100 1507 subinde
1146 1440 1759 1523 Viceprocuratores,
1810 1436 1955 1520 plus
2002 1435 2244 1502 arbitrii
2290 1452 2478 1520 quam
2525 1436 2646 1502 sibi
2689 1436 2938 1515 licebat,
2989 1454 3314 1521 usurpare,
3373 1438 3732 1520 talibusque

838 1544 1303 1627 suspicionibus
1348 1544 1594 1619 iterum,
1648 1543 1997 1623 iterumque
2045 1540 2306 1605 diversis
2353 1540 2742 1623 temporibus
2787 1540 3268 1608 commaculari:
3333 1541 3575 1623 placuit
3615 1542 3734 1606 Re-

740 1680 763 1691 ·
830 1649 1279 1716 verendissimo
1346 1645 1658 1729 Capitulo,
1736 1648 2003 1728 primum
2051 1645 2232 1711 Anno
2287 1643 2474 1725 1558,
2541 1646 2794 1711 tandem
2851 1643 3038 1722 1582,
3107 1644 3174 1710 et
3217 1647 3472 1711 demum
3541 1643 3730 1710 1590.

833 1755 911 1819 ad
961 1751 1315 1829 evellendas
1362 1769 1436 1816 ex
1482 1750 1708 1815 animis
1766 1749 1988 1816 dubias
2054 1750 2490 1831 persuasiones
2555 1750 2674 1814 bac
2715 1748 2781 1813 in
2827 1750 3107 1826 materia,
3175 1748 3376 1815 tribus
3421 1748 3732 1815 distinctis

834 1856 1097 1923 Statutis
1142 1854 1336 1941 (CIII,
1390 1852 1617 1921 CXLII
1663 1857 1727 1917 et
1772 1852 1988 1935 CLIV)
2037 1852 2478 1919 inviolabiliter
2523 1853 2894 1919 servandum
2943 1851 3364 1919 constituere:
3433 1854 3506 1917 ut
3547 1851 3734 1917 Vice-

832 1961 1269 2045 procuratores
1316 1960 1583 2043 singulis
1630 1956 1999 2041 septimanis
2047 1976 2258 2023 coram
2303 1956 2598 2022 Praelato
2633 1957 2735 2023 vel
2770 1955 3082 2023 Canonico
3131 1975 3242 2040 per
3276 1957 3534 2022 turnum
3581 1956 3733 2022 senii

834 2064 913 2130 ad
959 2064 1023 2130 id
1070 2063 1392 2146 deputato,
1442 2064 1572 2128 sive
1617 2062 1679 2125 in
1726 2062 1864 2127 loco
1911 2060 2266 2144 capitulari,
2339 2060 2468 2127 sive
2514 2060 2576 2124 in
2626 2060 2809 2126 domo
2856 2060 3230 2126 residentiae
3277 2080 3426 2125 suae
3473 2060 3734 2126 reddant

832 2169 1137 2233 rationem
1184 2168 1464 2233 omnium
1508 2167 1609 2231 vel
1656 2164 2052 2231 minimarum
2099 2162 2206 2230 illa
2247 2164 2596 2246 septimana
2635 2164 3168 2242 distributionum,
3209 2163 3394 2241 unde,
3438 2166 3728 2247 quantae,

833 2273 897 2337 in
945 2272 1099 2355 quot
1144 2272 1207 2336 et
1251 2289 1410 2354 quos
1470 2269 1673 2335 factae
1717 2268 1969 2334 fuerint.
2048 2267 2217 2348 Quas
2290 2268 2562 2335 rationes
2637 2270 2938 2333 hactenus
3009 2268 3421 2351 intermissas,
3499 2268 3733 2351 placuit

834 2375 1147 2459 praesenti
1193 2374 1469 2458 generali
1517 2372 1805 2455 Capitale
1854 2392 1889 2435 a
1935 2372 2215 2455 proxime
2261 2372 2612 2437 imminenti
2656 2371 2810 2437 feria
2855 2373 3032 2436 sexta
3072 2390 3489 2447 reassumere,
3561 2389 3731 2437 com-

834 2479 1140 2546 mittendo
1214 2478 1415 2545 eidem
1484 2476 2026 2545 Reverendissimo
2099 2476 2414 2559 Deputato
2482 2476 2845 2559 capitulari,
2919 2480 2992 2541 ut
3034 2476 3316 2559 qualibet
3387 2476 3734 2557 septimana

833 2584 1045 2649 videat
1087 2582 1149 2646 in
1196 2582 1503 2666 Regestro
1571 2580 1971 2664 quotidianae
2039 2582 2390 2664 perceptae,
2459 2599 2608 2646 num
2673 2579 2910 2662 aliquid
2953 2581 3018 2643 in
3063 2578 3560 2663 dispar-timentis
3621 2598 3729 2663 pro

836 2686 1377 2754 distributionibus
1426 2684 1705 2752 debitum
1753 2685 1875 2750 alio
1924 2703 2048 2750 non
2096 2684 2181 2749 sit
2225 2702 2612 2749 conversum.

1044 2896 1145 2962 De
1192 2894 1442 2963 bonis
1504 2893 2154 2975 capitularibus
2201 2911 2360 2958 non
2407 2892 2940 2958 arendandis
2987 2892 3248 2977 (Statut.
3297 2893 3552 2975 XLVI),
3607 2894 3723 2958 nisi

836 3000 998 3065 forte
1044 2998 1352 3067 Confratri
1406 2996 1749 3080 .apitulari,
1818 2997 2003 3080 idque
2052 2995 2131 3060 ad
2179 2996 2362 3061 breve
2407 2998 2678 3079 tempus,
2751 2996 2814 3061 et
2859 2997 2936 3062 de
2983 3016 3276 3079 expressa
3317 2997 3574 3062 licentia
3617 2995 3738 3063 Ca·

836 3100 1057 3188 pituli;
1136 3102 1242 3186 qui
1288 3120 1433 3167 vero
1498 3120 1679 3166 secus
1742 3100 1980 3181 fecerit,
2043 3099 2181 3182 ipso
2244 3098 2432 3177 facto,
2503 3100 2682 3165 bonis
2729 3119 2768 3164 a
2812 3118 2878 3165 se
2925 3100 3240 3167 arendatis
3306 3101 3392 3165 sit
3437 3101 3734 3184 privatus,

839 3226 953 3275 nec
998 3207 1079 3272 ad
1125 3208 1249 3271 alia
1296 3200 1574 3289 optanda'
1614 3205 2003 3271 admittatur.

1049 3415 1151 3479 De
1220 3413 1454 3478 modo
1521 3413 2261 3480 distributionum
2327 3414 2766 3478 Villarum
2831 3415 3734 3496 praestimonialium,

838 3520 910 3585 et
955 3518 1295 3602 quinam
1344 3519 1519 3582 sint
1565 3536 1929 3601 capaces
1984 3519 2444 3584 earundem
2508 3518 2767 3602 (Statut.
2819 3519 2980 3600 LII).
3039 3517 3214 3583 Haec
3259 3518 3622 3584 distributio
3663 3520 3740 3582 ut

839 3624 1211 3706 regulariter
1254 3621 1385 3700 fiat,
1436 3621 1696 3705 requirit
1740 3623 1981 3704 aliquot
2026 3621 2419 3688 Statutorum
2469 3624 2915 3689 executionem.
2999 3623 3060 3704 1)
3113 3621 3347 3686 Statuti
3395 3622 3524 3706 (L),
3575 3622 3740 3705 quod

838 3725 1287 3791 Procuratores
1354 3722 1624 3808 Capituli
1672 3727 1930 3810 obligat,
2001 3727 2072 3791 ut
2118 3727 2196 3791 ad
2262 3727 2528 3808 primam
2584 3725 2868 3792 notitiam
2931 3726 3234 3804 vacantis,
3298 3731 3452 3809 post
3498 3745 3740 3792 cessum

844 3829 945 3894 vel
991 3829 1317 3894 decessum
1365 3827 1730 3907 ConfratriS,
1783 3831 1965 3896 villae
1996 3833 2104 3895 aut
2132 3831 2376 3909 domne,
2425 3850 2493 3895 se
2537 3831 2957 3895 intromittant
2999 3831 3066 3904 in
3103 3832 3378 3914 regimen
3429 3833 3494 3894 et
3539 3829 3736 3895 admi-

841 3931 1277 3998 nIstrationem
1324 3950 1561 4010 earum,
1613 3933 1811 3998 donec
1857 3933 1933 3998 de
1981 3933 2106 3999 illis
2155 3953 2264 4016 per
2309 3933 2670 4015 Capitulum
2716 3953 2837 3998 nou
2884 3933 3074 3999 fuerit
3119 3934 3457 4016 provisum,
3511 3933 3738 4016 quibus

843 4035 918 4100 de
959 4036 1097 4100 iure
1140 4035 1379 4101 venerit
1426 4036 1893 4119 providendum,
1944 4038 2492 4121 Inventariumque
2541 4039 2820 4104 omnium
2863 4037 3168 4103 mobilum
3214 4039 3278 4102 in
3325 4037 3416 4103 eis
3465 4037 3736 4103 conscri-

840 4139 1009 4204 bant.
1082 4137 1151 4222 2)
1200 4138 1435 4204 Statuti
1482 4139 1638 4223 (LI),
1703 4139 1868 4223 quod
1916 4140 2212 4223 disponit,
2263 4143 2406 4209 ante
2455 4143 2740 4225 optiones
2787 4140 3279 4223 praemittendas
3325 4159 3466 4205 esse
3531 4141 3742 4206 literas

844 4240 1064 4309 Cridae
1114 4261 1253 4306 cum
1302 4243 1505 4325 spatio
1552 4245 1739 4308 unius
1787 4243 2021 4308 mensis
2071 4264 2108 4308 a
2153 4245 2254 4309 die
2298 4245 2664 4323 vacationis,
2717 4263 2839 4328 quo
2887 4244 3123 4327 elapso,
3175 4246 3374 4327 prima
3425 4246 3528 4310 die
3572 4244 3740 4327 capi·-

842 4344 1034 4411 tulari
1079 4348 1158 4411 ad
1207 4347 1493 4428 optiones
1542 4347 1996 4426 descendatur3
2049 4349 2224 4413 salvo
2273 4369 2442 4428 casu,
2494 4370 2616 4432 quo
2665 4351 2832 4414 dicta
2878 4350 3120 4414 vacatio
3167 4349 3332 4413 intra
3378 4347 3738 4431 Capitulum

844 4451 1131 4535 generale
1179 4451 1436 4528 veniret,
1488 4453 1597 4515 aut
1634 4453 1798 4516 intra
1834 4470 2083 4517 cursum
2131 4453 2395 4536 praefati
2440 4453 2674 4519 mensis
2725 4452 3086 4538 Capitulum
3133 4453 3425 4535 generale
3471 4451 3744 4518 celebra-

845 4556 1035 4632 retur,
1087 4557 1236 4619 tunc
1280 4555 1445 4620 enim
1485 4574 1608 4620 non
1648 4557 1965 4638 expectato
2003 4554 2126 4619 fine
2163 4557 2421 4622 mensis.
2497 4556 2567 4641 3)
2617 4555 2852 4621 Statuti
2901 4556 3066 4641 (LII)
3111 4556 3476 4634 inhibentis,
3529 4561 3608 4623 ne
3643 4557 3742 4621 die

847 4659 1176 4742 capitulari
1237 4677 1360 4741 qua
1403 4659 1474 4724 fit
1521 4661 1713 4742 optio,
1784 4660 2002 4724 eadem
2067 4659 2178 4726 fiat
2240 4661 2306 4724 et
2350 4661 2730 4738 distributi0,
2799 4661 2912 4726 sed
2975 4661 3045 4724 ut
3091 4659 3246 4724 haec
3311 4659 3635 4725 differatur
3677 4659 3740 4724 in

846 4761 1123 4846 proxime
1177 4761 1451 4827 futuram
1501 4763 1661 4828 diem
1710 4763 2143 4846 capitularem,
2209 4765 2273 4828 et
2314 4764 2564 4829 interim
2609 4783 2721 4848 per
2768 4765 3098 4848 deputatos
3170 4763 3500 4830 Revisores
3551 4761 3738 4848 Capi·

846 4866 963 4932 tuli
1007 4865 1376 4949 inquiratur,
1430 4886 1577 4932 num
1618 4869 1935 4934 meliorem
1981 4868 2082 4933 vel
2129 4868 2500 4933 deteriorem
2567 4867 2985 4934 conditionem
3033 4867 3254 4950 prioris
3309 4869 3552 4951 praesti
3581 4869 3748 4932 moni

848 4971 1013 5054 quod
1077 4972 1295 5049 tenuit,
1362 4970 1594 5037 fecerit.
1670 4971 2034 5054 Ibidemque
2105 4972 2389 5050 habetur,
2465 4973 2632 5055 quod
2677 4971 2740 5036 in
2787 4966 3067 5055 tempore
3139 4971 3414 5053 optionis
3476 4959 3750 5038 omninoi

845 5074 1204 5158 praesentia
1267 5073 1561 5158 Optantis
1620 5075 1992 5157 requiratur.
2069 5074 2142 5161 4)
2192 5075 2422 5142 Statuti
2468 5075 2670 5159 (LIII)
2719 5075 3130 5159 disponentis,
3197 5075 3269 5139 ut
3316 5093 3430 5157 pro
3481 5073 3746 5141 Succes-

850 5197 989 5245 sore
1039 5179 1445 5246 straminibus
1493 5180 1572 5244 ad
1618 5179 2084 5262 pabulatiouem
2129 5179 2442 5262 pecudum
2486 5181 2743 5263 relictis,
2807 5181 3060 5246 foenum
3107 5199 3218 5264 per
3265 5181 3748 5246 Antecessorem

848 5284 1133 5350 relictum
1172 5301 1281 5348 seu
1322 5282 1675 5364 collectum,
1718 5282 1918 5349 eidem
1958 5282 2360 5350 Antecessori
2396 5285 2660 5352 liberum
2699 5287 2784 5350 sit
2821 5283 3150 5352 abducere.
3203 5281 3474 5350 Caetera
3517 5284 3750 5369 puncta
