4055 6364
2075 750 2592 827 -78-

2184 994 2493 1097 XCIII.

886 1204 1189 1290 Quando
1229 1205 1532 1306 cappae
1570 1205 1655 1285 et
1689 1203 2011 1285 minutia
2059 1200 2518 1303 deponenda.
2575 1200 2784 1283 Anno
2835 1202 3104 1284 Domini
3144 1201 3523 1284 millesimo
3573 1202 3794 1288 uuin-

1120 1329 1533 1429 nentesimo
1594 1323 2214 1427 auinquauesimo
2272 1326 2567 1426 quarto.
2625 1324 2753 1406 Die
2809 1322 3174 1406 sabbathi
3233 1325 3311 1405 12
3367 1323 3557 1405 Maii.

1094 1538 1452 1629 Quoniam
1509 1536 2033 1612 deformitatem
2110 1535 2466 1633 quandam
2526 1535 2904 1609 Ecclesiae
2957 1536 3030 1608 in
3085 1536 3226 1609 hoc
3282 1560 3566 1633 quoque
3623 1560 3796 1610 esse

884 1663 1293 1736 Reverendi
1346 1662 1638 1735 Domini
1696 1661 2374 1749 animadverterunt,
2432 1658 2620 1754 quod
2661 1658 2986 1732 nonnulli
3038 1660 3514 1733 Dominorum
3569 1657 3794 1753 Capi·

884 1785 1217 1858 tularium
1274 1782 1591 1881 Cappas‚
1650 1784 1909 1878 quibus
1966 1782 2497 1856 solennioribus
2552 1780 2760 1854 festis
2813 1780 3220 1875 induuntur,
3281 1780 3570 1878 quidam
3625 1802 3798 1853 mox

883 1906 1159 1980 Missae
1211 1904 1515 1981 Maioris
1569 1907 1661 1979 ab
1716 1906 1941 1997 initio,
2001 1904 2290 1999 quidam
2346 1905 2418 1976 in
2473 1903 2711 1978 medio
2767 1904 3119 1998 eiusdem,
3175 1904 3301 1977 alii
3356 1903 3570 1977 etiam
3628 1902 3798 1975 aliis

887 2036 961 2101 et
1013 2027 1324 2101 diversis
1382 2028 1849 2125 temporibus,
1906 2025 2226 2099 Almutia
2265 2050 2438 2100 vero
2479 2026 2725 2119 etiam,
2783 2027 3044 2121 quibus
3079 2027 3153 2100 in
3189 2024 3798 2101 Processionibus

888 2158 1195 2241 utuntur,
1254 2174 1397 2224 non
1440 2173 1593 2245 suo,
1652 2172 1883 2246 neque
1940 2171 2262 2243 congruo
2317 2157 2638 2246 tempore
2678 2172 2939 2222 exuere
2975 2157 3048 2222 et
3085 2148 3448 2246 deponere
3487 2149 3793 2241 soleant,

885 2274 989 2347 ita
1040 2278 1119 2348 ut
1170 2272 1447 2346 Vicarii
1520 2271 2040 2365 Canonicales,
2116 2273 2376 2368 quibus
2429 2271 2569 2345 hoc
2622 2272 2866 2346 oneris
2929 2271 3310 2361 incumbit,
3366 2279 3444 2344 ut
3497 2269 3798 2368 Cappas

889 2395 1193 2491 quilibet
1246 2418 1377 2469 suo
1433 2394 1773 2468 Praelato
1830 2396 1948 2467 vel
2002 2393 2374 2469 Canonico
2445 2394 2854 2491 imponere,
2914 2403 2981 2467 et
3036 2415 3286 2467 rursus
3357 2394 3672 2466 eximere
3726 2399 3798 2465 et

886 2518 961 2590 in
1016 2518 1428 2591 thesaurum
1500 2516 1771 2590 referre
1842 2524 2210 2608 teneatur,
2286 2516 2615 2612 perplexi
2687 2525 2759 2590 et
2826 2516 3122 2609 incerti,
3199 2516 3798 2610 negligentesque

889 2638 1112 2712 officii
1162 2638 1373 2713 istius
1430 2639 1542 2711 sui
1580 2662 1743 2713 esse
1800 2639 2073 2733 solent3
2131 2640 2384 2733 Itaque
2441 2640 2892 2735 perscribere
2946 2638 3276 2712 volentes
3331 2646 3602 2711 certum
3641 2659 3792 2711 mo-

892 2761 1057 2835 dum
1112 2768 1185 2834 et
1236 2761 1608 2854 rationem,
1664 2762 1738 2834 in
1795 2783 1883 2835 ea
1938 2785 2220 2858 quoque
2275 2786 2354 2834 re
2413 2784 2692 2835 exnunc
2731 2770 2802 2833 et
2839 2760 3186 2857 deinceps
3241 2758 3796 2853 observandum,

891 2882 1362 2957 decreverunt
1416 2884 1869 2957 unanimibus
1924 2884 2328 2978 suffragiis:
2388 2891 2465 2956 ut
2515 2885 2816 2979 quilibet
2871 2884 3336 2957 Dominorum
3387 2884 3524 2957 sub
3563 2904 3801 2979 poena

890 3006 1316 3103 privationis
1370 3015 1443 3079 et
1495 3005 1909 3080 amissionis
1964 3030 2229 3103 panum
2285 3006 2413 3079 illo
2469 3006 2609 3098 die,
2666 3006 3060 3079 Almutium
3117 3027 3258 3080 non
3313 3005 3530 3093 alias,
3585 3028 3800 3100 quam

892 3128 1371 3202 Processione
1407 3127 1533 3201 tali
1570 3127 1849 3223 integre
1890 3137 2184 3225 peracta
2221 3136 2291 3202 et
2327 3128 2683 3223 absoluta,
2743 3136 2998 3223 exuat3
3056 3126 3382 3226 Cappam
3436 3150 3612 3203 vero
3657 3150 3800 3201 non

893 3250 1035 3324 nisi
1096 3251 1499 3324 elevatione
1572 3247 2021 3324 Sacramenti
2092 3253 2166 3324 in
2241 3274 2518 3325 summo
2588 3251 2865 3325 Missae
2941 3250 3351 3342 Sacrificio,
3440 3251 3561 3324 vel
3635 3249 3802 3324 dum

894 3373 1129 3446 Missa
1180 3371 1649 3468 Episcopalis
1708 3382 1856 3465 est,
1913 3373 2416 3447 benedictione
2471 3374 2882 3448 Pontificali
2935 3383 3272 3472 accepta,
3331 3373 3676 3470 deponat,
3733 3379 3804 3446 et

895 3496 985 3568 ad
1041 3495 1453 3569 thesaurum
1508 3493 1890 3568 Ecclesiae
1946 3518 2148 3571 suum
2206 3520 2335 3592 per
2388 3496 2758 3571 Vicarium
2815 3496 3082 3570 deferri
3143 3497 3363 3570 faeiat
3416 3519 3576 3568 cum
3634 3519 3798 3569 cau·

894 3617 1040 3690 tela
1112 3615 1478 3712 diligenti,
1552 3626 1629 3691 ut
1681 3641 1771 3689 ne
1822 3641 1955 3714 per
2008 3619 2403 3692 servitores
2474 3619 2871 3693 insolentes
2945 3619 3298 3693 eiusmodi
3374 3615 3677 3714 (lappae
3729 3625 3802 3691 et

896 3739 1083 3812 aliae
1140 3735 1409 3812 Sacrae
1463 3738 1731 3814 Vestes
1784 3747 2180 3815 atterantur
2231 3749 2355 3814 aut
2407 3741 2953 3835 deteriorentur,
3009 3742 3128 3814 vel
3179 3739 3572 3837 depereant
3627 3762 3800 3835 quo-

900 3884 1041 3958 quo
1095 3861 1329 3936 modo.

2199 4087 2510 4190 XCIV.

906 4293 1008 4375 De
1065 4293 1419 4375 absentia
1491 4295 1833 4395 tempore
1888 4295 2446 4377 Vindemiarum.
2522 4294 2728 4378 Anno
2799 4296 3068 4378 Domini
3143 4294 3518 4377 millesimo
3594 4293 3804 4379 nuin-

1151 4416 1568 4514 uentesimo
1629 4414 2251 4517 auinquaqesimo
2309 4418 2584 4517 quinto.
2644 4417 2770 4497 Die
2826 4417 3139 4500 Veneris
3194 4419 3372 4499 lunii
3427 4417 3561 4498 28.

1112 4625 1523 4700 Reverendi
1577 4628 1871 4701 Domini
1928 4628 2422 4726 suprascripti,
2479 4635 2557 4702 ut
2609 4628 3024 4722 diligentius
3093 4627 3466 4702 intendere
3521 4629 3808 4702 valeant

908 4747 1307 4822 commodis
1380 4757 1451 4822 et
1505 4750 1916 4824 collectioni
1985 4751 2496 4824 frumentorum
2566 4751 2641 4823 in
2694 4750 2914 4824 Villis
2987 4752 3139 4824 suis
3211 4751 3806 4848 praestimoniali-

907 4871 1067 4964 bu8‚
1122 4870 1261 4944 hoc
1316 4873 1741 4968 praesertim
1796 4873 2134 4946 messium
2191 4881 2550 4970 tempore,
2625 4873 2814 4968 quod
2871 4871 3410 4948 Vindemiarum
3484 4875 3805 4964 dicimus,

910 4993 1119 5067 sicuti
1170 5003 1485 5069 veterem
1542 4994 2130 5069 consuetudinem
2185 5003 2256 5068 et
2307 4997 2624 5069 Decreta
2681 4995 2956 5092 priora,
3017 5003 3088 5068 et
3141 4997 3562 5092 praesertim
3619 4994 3808 5068 Anni

906 5115 1204 5190 Domini
1264 5115 1456 5192 1511
1516 5119 1650 5192 sub
1704 5118 1819 5192 XI
1872 5116 2154 5191 Mensis
2205 5116 2387 5192 Julii
2439 5119 2512 5191 in
2567 5116 2776 5191 Actis
2831 5115 3368 5215 Capitularibus
3424 5118 3806 5216 descripto,

907 5238 1267 5311 licentiam
1350 5241 1723 5314 absentiae
1795 5241 1887 5313 ab
1959 5240 2298 5314 Ecclesia
2368 5265 2498 5338 per
2567 5240 2704 5315 hos
2777 5240 2959 5316 duos
3037 5242 3415 5316 continuos
3500 5263 3806 5334 menseS,

909 5359 957 5436 ‚J
966 5360 1182 5434 ulium
1238 5362 1520 5436 scilicet
1570 5370 1643 5436 et
1694 5360 2134 5458 Augustum,
2193 5363 2334 5437 sibi
2387 5363 2572 5459 ipsis
2626 5363 3043 5438 alterutrum
3097 5363 3546 5439 indulserunt
3599 5372 3809 5460 atque
