4055 6364
1428 762 1944 839 -81—

255 974 400 1049 siae
453 971 828 1065 custodes,
905 969 1171 1045 debent
1221 970 1445 1065 igitur
1497 969 1865 1046 attendere
1939 994 2113 1047 suos
2165 995 2297 1071 per
2349 973 2799 1069 Deputatos,
2856 984 3160 1068 nequa·

259 1094 635 1187 diminutio,
693 1093 1036 1167 alienatio
1090 1093 1211 1167 vel
1263 1093 1636 1168 distractio
1691 1093 2040 1169 bonorum
2094 1094 2622 1191 praedictorum
2656 1094 2729 1167 in
2772 1098 2972 1192 parte
3027 1092 3147 1167 vel

261 1216 327 1291 in
382 1225 528 1293 toto
583 1237 1011 1312 quocunque
1065 1214 1278 1291 modo
1333 1216 1742 1312 contingat3
1817 1214 2174 1312 Quodque
2228 1216 2412 1290 tales
2465 1216 2813 1313 Deputati
2865 1223 2943 1290 ut
2994 1214 3145 1288 ala-

253 1339 508 1413 criores
561 1338 654 1412 ad
711 1346 946 1413 actum
1003 1337 1489 1436 deputationis
1545 1338 2112 1433 proficiscantur,
2170 1339 2451 1434 utrique
2506 1360 2751 1412 eorum
2806 1338 2925 1413 vel
2982 1338 3140 1435 plu-

247 1462 440 1536 ribus
491 1461 724 1554 etiam,
782 1483 913 1534 seu
950 1460 1138 1535 alias
1192 1468 1540 1556 quotquot
1595 1460 2147 1557 deputabuntur,
2203 1462 2530 1556 integrae
2568 1468 2640 1533 et
2676 1482 2927 1535 omnes
2966 1482 3140 1557 quo·

249 1581 547 1657 tidianac
620 1581 1160 1657 distributiones
1231 1582 1453 1657 totius
1507 1582 1892 1678 temporis,
1968 1604 2109 1679 quo
2164 1582 2518 1657 eiusmodi
2573 1581 2765 1657 actui
2816 1581 3140 1657 intende-

251 1706 390 1779 rint
439 1712 506 1779 et
557 1704 1036 1802 praefuerint,
1093 1703 1388 1797 dentur,
1462 1703 1945 1779 concedantur
1999 1713 2073 1779 et
2124 1713 2605 1780 numerentur.
2696 1703 2797 1779 Et
2846 1705 3144 1803 insuper

249 1848 373 1923 pro
426 1825 808 1901 eorundem
861 1826 1336 1901 Dominorum
1393 1826 1632 1900 taliter
1687 1826 2185 1924 deputatorum
2249 1826 2570 1921 familia,
2644 1849 2831 1923 quae
2881 1826 2957 1901 iu
3012 1824 3139 1901 do-

247 1944 470 2023 mibus
539 1948 968 2023 commorari
1041 1948 1267 2042 solet,
1347 1971 1478 2045 per
1549 1971 1763 2022 unum
1821 1972 2079 2047 panem
2150 1972 2243 2025 ex
2294 1948 2615 2024 Bularna
2680 1972 2832 2035 sua,
2884 1947 3142 2024 diebus

249 2070 542 2166 singulis
607 2069 961 2163 dandum,
1036 2070 1333 2147 Domini
1386 2069 1796 2145 Reverendi
1861 2072 2409 2167 concluserunt,
2482 2070 2583 2145 ita
2636 2077 2874 2177 tamen
2930 2077 3003 2144 et
3054 2094 3142 2145 ea

251 2192 684 2285 conditione,
759 2200 839 2267 ut
902 2191 1584 2267 Reverendissimus
1657 2194 2012 2269 Dominus
2083 2202 2350 2284 noster,
2426 2215 2625 2268 more
2687 2201 2761 2267 et
2812 2193 3143 2291 exemplo

247 2338 519 2390 suorum
577 2315 1144 2391 Antecessorum
1198 2316 1732 2413 Episcoporum
1787 2314 2419 2411 Oracoviensium,
2476 2314 2569 2391 de
2622 2314 2829 2412 equis
2851 2372 2868 2407 ,
2926 2337 3141 2391 curru

246 2444 316 2511 et
361 2437 630 2511 familia
701 2436 888 2535 ipsis
959 2438 1294 2513 Dominis
1366 2439 1789 2536 Deputatis,
1865 2446 2219 2535 quatenus
2284 2440 2389 2513 ita
2449 2438 2780 2536 imparati
2851 2437 3138 2531 fuerint,

245 2560 655 2657 providere,
711 2583 850 2634 uec
903 2582 1047 2635 non
1103 2568 1176 2635 et
1227 2584 1591 2659 expensas
1644 2559 1990 2637 honestas
2043 2562 2121 2637 in
2176 2561 2451 2656 eundo,
2508 2556 3015 2635 commorando
3069 2567 3143 2634 et

237 2680 592 2757 redeundo
646 2690 1021 2779 praestare
1073 2682 1261 2782 ipsis
1316 2691 1391 2758 et
1445 2682 1618 2759 dare
1669 2684 1912 2759 facere
1967 2682 2403 2779 dignabitur.
2482 2684 2597 2757 De
2652 2706 2795 2780 qua
2850 2681 3137 2779 quidem

239 2805 690 2880 conclusione
763 2805 1171 2902 praesenti,
1249 2828 1378 2903 per
1447 2804 1758 2881 medium
1829 2804 2244 2882 Reverendi
2314 2805 2610 2881 Domini
2674 2803 3141 2901 Wargawski

241 2949 394 3001 oum
445 2927 610 3001 aliis
665 2927 1054 3025 Deputatis
1092 2928 1232 3003 sibi
1271 2928 1525 3019 relata,
1581 2928 2267 3005 Reverendissimus
2320 2928 2675 3005 Dominus
2730 2935 3140 3003 contentum

241 3071 318 3124 se
369 3050 592 3125 fuisse
658 3051 1132 3147 renuntiavit,
1207 3059 1422 3149 atque
1499 3051 1834 3127 Dominis
1905 3051 2295 3149 Deputatis
2349 3050 2440 3125 de
2496 3049 2742 3147 equis,
2800 3070 3015 3125 curru
3068 3056 3141 3123 et

241 3174 574 3271 expensis
657 3172 1106 3276 provisurum
1182 3199 1265 3250 sc
1339 3174 1599 3252 obtulit
1669 3182 1883 3272 atque
1961 3173 2363 3250 liberaliter
2441 3196 2607 3249 esse
2687 3172 3138 3271 provisurum
3240 3271 3254 3298 .

239 3295 621 3394 pollicitus.

1501 3505 1856 3608 XCVII.

242 3693 340 3776 ne
393 3694 764 3778 electione
831 3695 1410 3778 procuratorum
1483 3693 1815 3800 capituli.
1889 3695 2098 3778 Anno
2154 3695 2423 3778 Domini
2479 3692 2856 3790 millesimo
2924 3689 3137 3782 (lulu-

692 3817 1113 3919 uenteaimo
1172 3815 1795 3920 auinquaucsimo
1851 3820 2099 3903 sexto.
2156 3818 2283 3900 Die
2341 3818 2445 3900 29
2503 3818 2692 3901 maii.

438 4026 619 4103 Cum
693 4025 1349 4104 animadverterent
1419 4027 1829 4104 Reverendi
1881 4029 2179 4104 Domini
2229 4029 2301 4103 in
2360 4029 2725 4127 praesenti
2796 4027 3148 4127 Capitulo‘

235 4150 552 4245 generali
607 4152 1056 4246 congregati,
1115 4151 1307 4248 quod
1361 4151 1454 4226 de
1505 4152 1721 4227 modo
1775 4160 1848 4226 et
1895 4152 2174 4227 ratione
2227 4139 2726 4247 eligendorum
2780 4151 3136 4228 Procura-

237 4281 460 4349 torum
482 4331 500 4368 ‚
574 4271 807 4372 deque
862 4275 1261 4351 rationibus
1315 4275 1636 4373 percepti
1691 4283 1763 4349 et
1817 4276 2120 4372 expensi
2174 4297 2304 4374 per
2356 4275 2563 4373 ipsos
2612 4273 3136 4350 Procuratores

235 4395 622 4491 faciendis,
678 4421 768 4470 ac
819 4403 988 4494 post
1039 4396 1426 4472 conclusas
1479 4406 1552 4471 et
1603 4397 1976 4472 absolutas
2029 4397 2442 4472 huiusmodi
2494 4399 2837 4492 rationes,
2892 4397 3134 4494 Rege-

235 4519 402 4592 stris
452 4519 526 4592 in
583 4517 828 4593 debita
879 4519 1112 4592 forma
1183 4541 1422 4592 coram
1481 4519 1813 4594 Dominis
1863 4520 1936 4593 in
1995 4517 2333 4619 Capitulo
2390 4520 2877 4617 reponendis,
2935 4519 3137 4595 nulla

236 4662 528 4737 prorsus
579 4641 654 4714 in
711 4637 1014 4717 Statutis
1069 4638 1610 4738 Capitularibus
1687 4649 1885 4717 esset
1955 4642 2415 4737 constitutio,
2490 4643 2683 4717 unde
2736 4643 3151 4718 rationibus-

235 4761 415 4859 ipsis
463 4785 607 4838 non
665 4763 1132 4858 examinatiS,
1206 4786 1438 4860 neque
1493 4764 1889 4857 discussiS,
1959 4765 2220 4840 electio
2272 4763 2630 4840 interdum
2704 4764 3149 4840 Procurato-·

235 4907 382 4959 rum
435 4883 591 4960 fieri
628 4886 948 4982 solebat3
1005 4893 1406 4962 statuerunt
1457 4886 1679 4980 igitur
1713 4893 1787 4960 et
1822 4885 2322 4981 decreverunt,
2377 4888 2895 4963 iuviolabiliter
2930 4886 3131 4963 dein·

235 5029 406 5105 ceps
455 5007 828 5107 perpetuis
879 5009 1139 5085 futuris
1195 5009 1638 5106 temporibus
1692 5008 2257 5085 observandum:
2312 5018 2392 5086 ut
2444 5010 2763 5085 rationes
2808 5009 3133 5108 percepti

235 5137 300 5204 et
350 5131 656 5229 expensi
709 5139 1183 5232 proventuum
1223 5130 1688 5208 Venerabilis
1743 5129 2082 5230 Capituli,
2140 5139 2284 5208 tam
2322 5156 2412 5207 ex
2448 5133 2669 5208 bonis
2714 5126 3151 5228 Fabianice„

236 5250 1036 5350 quam'Procurationis
1086 5255 1497 5350 generalis,
1571 5276 1857 5352 semper
1913 5253 2353 5353 praecedant
2416 5255 2842 5330 electionem
2894 5255 3149 5352 ipsam·

236 5373 802 5454 Procuratorum.
861 5376 1144 5468 Quibus
1197 5377 1486 5475 quidem
1539 5377 1938 5454 rationibus
1991 5377 2371 5471 absolutis,
2429 5375 2721 5453 Domini
2772 5375 3111 5452 Procura-

2736 5496 2816 5562 ll
