4055 6364
2054 778 2157 791 ..-
2266 733 2367 809 50
2474 776 2573 789 -.

2166 938 2491 1043 LXIX.

1460 1156 1565 1237 ne
1623 1152 2079 1258 providenda
2133 1150 2476 1255 lampade
2531 1152 2599 1233 in
2657 1150 2892 1234 medio
2950 1152 3205 1233 choro.

1083 1368 1486 1441 Possessor
1537 1364 1946 1440 medietatis
1998 1364 2219 1437 villae
2275 1362 2592 1439 Borkow
2648 1368 2929 1437 tenetur
2980 1360 3295 1455 singulis
3347 1360 3547 1433 horis
3600 1360 3776 1432 lam-

874 1491 1132 1589 padem
1184 1492 1259 1564 in
1316 1490 1551 1565 medio
1608 1488 1833 1563 Obori
1887 1487 2397 1562 consistentem
2455 1485 2653 1581 oleo,
2711 1486 2846 1562 sub
2899 1508 3138 1583 poena
3192 1483 3402 1559 unius
3476 1504 3776 1576 sexage-

873 1637 1009 1687 nae
1066 1612 1665 1686 Procurator-ibus
1721 1609 2003 1683 dandae
2061 1631 2475 1708 procurare.

2184 1938 2464 2038 LXX.

883 2152 986 2233 ne
1042 2153 1383 2254 tempore
1438 2148 1773 2232 veniendi
1829 2147 1925 2229 au
1981 2148 2268 2231 Missas
2322 2148 2408 2227 et
2462 2146 2553 2228 ue
2609 2148 3127 2230 consolatione
3184 2146 3781 2229 distributionum

1520 2276 1677 2352 tam
1735 2270 1935 2351 inter
1989 2271 2457 2370 praesentes
2510 2288 2726 2370 quam
2784 2268 3137 2352 infirmos.

1089 2482 1196 2558 Ut
1268 2482 1580 2576 negotiis
1661 2489 1805 2554 tam
1881 2481 2401 2554 ecclesiasticis
2493 2503 2703 2575 quam
2788 2480 3285 2554 saecularibus
3370 2479 3784 2576 Capitulum

813 2664 824 2673 .
886 2604 1502 2695 convenientibus,
1560 2603 1871 2676 faciliter
1907 2602 2272 2699 expeditio
2307 2602 2543 2698 possit
2578 2598 2971 2699 praestari,
3014 2602 3415 2689 statuimus²
3474 2609 3551 2675 ut
3586 2603 3779 2675 omni

885 2734 1091 2801 sexta
1127 2726 1330 2819 feria,
1391 2722 1798 2821 Capitulum
1837 2748 1968 2822 per
2004 2726 2361 2798 Dominos
2414 2726 2904 2822 processione,
2964 2726 3027 2799 si
3082 2724 3476 2798 occurrerit
3528 2725 3602 2796 in
3640 2724 3783 2797 Ec-

879 2848 1104 2923 clesia
1158 2856 1450 2944 peracta
1522 2846 1614 2919 ad
1668 2846 1846 2937 hoc,
1916 2856 1992 2922 ut
2047 2848 2338 2940 negotia
2410 2846 2789 2921 Ecclesiae
2862 2854 3056 2920 tanto
3131 2845 3541 2921 distinctius
3614 2870 3782 2943 per-

879 2978 1296 3063 tractentur,
1353 2970 1511 3041 sine
1567 2970 1979 3063 omissione,
2039 2970 2463 3064 celebretur,
2518 2970 2591 3043 in
2641 2993 2781 3065 quo
2838 2977 3279 3066 praesentes,
3337 2968 3457 3063 qui
3510 2976 3783 3065 tempe·

883 3093 1070 3167 stive
1125 3092 1320 3165 circa
1375 3092 1765 3164 secundum
1821 3092 2187 3166 introitum
2246 3115 2565 3166 summae
2621 3092 2887 3165 missac
2958 3090 3312 3181 venerint,
3366 3090 3553 3164 ultra
3610 3114 3785 3187 quo-

879 3216 1191 3290 tidianas
1245 3214 1786 3288 distributiones
1840 3214 1997 3312 fieri
2054 3223 2471 3313 consuetaS,
2528 3215 2599 3286 in
2658 3213 2939 3287 duobus
2990 3213 3275 3308 grossis
3330 3213 3474 3286 sint
3528 3234 3787 3286 conso-

876 3337 1030 3412 lati.
1121 3335 1486 3411 Absentes
1543 3358 1714 3410 vero
1769 3336 1889 3410 vel
1943 3337 2166 3427 tardi,
2226 3338 2506 3411 scilicet
2558 3343 2727 3433 post
2778 3334 3007 3433 Kyrie
3062 3333 3336 3432 eleyson
3402 3335 3787 3422 intrantes,

881 3468 1025 3534 tam
1082 3459 1518 3555 quotidianis
1573 3482 1785 3554 quam
1842 3461 2384 3556 supererogatis
2440 3439 3063 3533 distributionibus
3118 3464 3412 3531 careant
3462 3456 3591 3531 illo
3641 3456 3785 3531 die.

888 3579 1461 3678 supererogatas
1515 3589 1750 3655 autem
1807 3581 1899 3654 ad
1952 3583 2297 3675 infirmos,
2354 3580 2546 3678 quod
2603 3604 2783 3654 onus
2838 3588 2911 3653 et
2960 3581 3280 3654 laborem
3322 3579 3789 3653 consiliorum

887 3727 1120 3801 neque
1172 3704 1430 3799 ferunt,
1487 3726 1718 3799 neque
1772 3704 1964 3778 ferre
2021 3712 2347 3802 possunt,
2404 3705 2738 3778 nolumus
2794 3703 3106 3777 extendi.

2170 4023 2495 4133 LXXI.

1022 4243 1125 4323 ne
1183 4240 1834 4332 distributionibus,
1879 4241 2327 4445 quotiuipniss
2384 4241 2478 4382 iis
2528 4243 2821 4444 {autum
2877 4242 2997 4343 qui
3052 4242 3339 4325 Missae
3394 4242 3651 4324 maiori

2081 4383 2148 4445 iu
2193 4384 2278 4445 er
2320 4383 2527 4447 uei-in
2570 4424 2590 4444 .
3306 4401 3311 4404 ·

1099 4573 1545 4672 Ampliorem
1600 4575 1794 4648 circa
1847 4574 2258 4649 Ecclesiam
2314 4573 2872 4650 Oracoviensem
2947 4575 3408 4649 residentiam
3464 4576 3797 4650 effecturi

890 4698 1309 4791 statuimus,
1392 4705 1469 4770 ut
1523 4697 1830 4792 singulis
1899 4697 2193 4788 diebus,
2272 4697 2732 4794 quotidianae
2789 4697 3331 4772 distributiones
3410 4696 3587 4770 fiant
3656 4721 3797 4793 pro

884 4819 1267 4894 Fratribus
1318 4819 1586 4893 missae
1639 4819 1896 4892 maiori
1947 4819 2587 4913 interessentibns,
2646 4828 2863 4916 utque
2921 4842 3185 4894 census
3238 4819 3797 4916 possessionum

885 4942 1086 5017 iuxta
1140 4937 1404 5016 Statuti
1445 4941 1670 5036 jurati
1723 4949 2085 5038 tenorem,
2142 4966 2284 5017 non
2340 4943 2560 5038 alias,
2620 4967 2829 5039 quam
2884 4943 2958 5016 in
3013 4941 3559 5017 distributiones
3615 4963 3796 5037 quo-

889 5064 1204 5139 tidianas
1259 5070 1786 5138 convertantur.
