4055 6364
1353 744 1918 822 -141—

207 981 356 1031 nem
413 965 578 1055 post
627 957 974 1032 rationem
1048 958 1309 1031 factam
1374 956 1533 1031 fieri
1588 956 1962 1032 consuevit
1982 1013 1998 1041 ,
2073 956 2362 1032 modum
2415 955 2909 1055 praescribere
2961 978 3089 1032 vo-

199 1081 442 1173 lentes,
496 1086 898 1155 statuerunt
931 1087 1280 1177 perpetuo
1318 1078 1845 1154 observandum
1892 1077 1985 1152 de
2021 1078 2341 1153 unanimi
2378 1080 2880 1174 suffragiorum
2918 1099 3086 1152 con-

201 1226 444 1278 sensu:
500 1224 592 1276 ne
646 1201 1016 1298 praedicta
1070 1202 1470 1277 consolatio
1525 1225 1571 1274 a
1621 1201 1895 1277 ratione
1950 1200 2279 1295 generali
2351 1200 2509 1275 dari
2580 1200 2829 1293 solita,
2901 1200 3091 1273 ultra

200 1324 702 1421 quinquaginta
769 1323 1087 1399 florenos
1139 1324 1215 1397 in
1271 1332 1556 1399 moneta
1609 1345 1837 1418 usque
1890 1323 1966 1396 in
2021 1331 2387 1420 posterum
2457 1330 2830 1418 augeatur,
2906 1344 3092 1418 quae

199 1445 470 1543 quidem
522 1446 924 1521 consolatio
979 1470 1118 1520 una
1173 1469 1333 1521 cum
1387 1446 1639 1519 Marca
1700 1444 2117 1543 capitulari,
2192 1468 2335 1519 non
2390 1445 2532 1519 nisi
2602 1444 2815 1519 lectis
2886 1444 3089 1542 prius

199 1568 394 1643 Actis
439 1577 512 1643 et
544 1569 886 1645 Decretis
920 1569 1286 1665 generalis
1326 1567 1666 1667 Capituli,
1725 1567 2034 1662 singulis
2086 1567 2537 1642 Reverendis
2590 1566 2925 1641 Dominis
2958 1588 3093 1664 per

205 1690 740 1767 Procuratorem
789 1691 1204 1787 generalem
1259 1691 1727 1788 capitularem
1781 1712 2070 1788 semper
2122 1697 2377 1788 postea
2431 1689 2807 1765 dabuntur.

1491 1999 1791 2103 CLVI.

199 2208 884 2293 Reverendissimus
941 2209 1286 2292 Dominus
1345 2208 1758 2311 Episcopus
1815 2208 2240 2310 neputatos
2289 2210 2385 2291 ad
2426 2208 2793 2310 uranities
2848 2160 3087 2309 provi-

800 2329 985 2413 dere
1037 2331 1369 2413 tenetur.
1426 2330 1636 2413 Anno
1696 2328 1909 2411 1590.
1970 2330 2098 2413 nie
2155 2331 2237 2412 10
2293 2330 2483 2413 Maii.

388 2539 508 2618 Ad
563 2540 1132 2639 complanandae
1181 2548 1254 2615 et
1289 2539 1532 2616 debito
1585 2541 1730 2615 fine
1769 2538 2257 2615 terminandas
2294 2541 2759 2637 granitierum
2808 2549 3089 2617 contro-

195 2664 466 2740 versias
535 2645 722 2739 inter
774 2662 1014 2738 Villas
1082 2663 1386 2738 Mensae
1439 2662 1806 2758 generalis
1875 2663 2347 2738 Lenthowice
2420 2671 2492 2738 et
2553 2662 2945 2763 Biadoliny
2998 2688 3090 2738 ex

195 2808 357 2877 una,
415 2793 488 2859 et
541 2786 1116 2881 Bogumilowice
1173 2785 1464 2861 Nobilis
1518 2786 1892 2860 cuiusdam
1948 2786 2369 2861 Rokosowa
2426 2785 2662 2860 dictae
2685 2843 2703 2880 ,
2760 2786 3091 2882 partibus

193 2930 278 2979 ex
327 2906 578 3003 altera,
633 2910 708 2983 in
757 2907 986 2983 Clave
1021 2908 1495 2983 Radloviensi
1551 2908 2056 3003 consistentes,
2112 2908 2205 2983 ad
2259 2908 2879 2983 Reverendissimi
2934 2909 3089 2982 Do-

195 3029 357 3103 mini
409 3028 594 3105 Loci
648 3028 1020 3104 Ordinarii
1083 3055 1216 3128 per
1268 3030 1518 3105 literas
1581 3030 1847 3104 factam
1914 3030 2487 3127 requisitionem,
2543 3030 2620 3105 hi
2675 3028 3091 3104 Reverendi

191 3151 478 3228 Domini
548 3151 868 3228 Mathias
949 3152 1400 3228 Klodzinski
1475 3160 1545 3228 et
1616 3152 2216 3228 Bartholomaeus
2296 3151 2649 3228 Zawacki
2720 3176 2811 3226 ex
2879 3160 3089 3227 turno

195 3274 553 3350 ordinario
609 3284 776 3351 sunt
833 3273 1177 3374 deputati,
1236 3277 1618 3351 offerentes
1669 3299 1750 3350 se
1785 3274 2199 3350 Reverendi
2256 3276 2552 3349 Domini
2607 3273 3088 3373 Capitulares,

193 3393 330 3469 imo
406 3397 649 3494 potius
701 3397 1062 3496 [caventes
1113 3399 1387 3498 Qiisdem
1456 3397 1792 3472 Dominis
1864 3399 2289 3496 Deputatis,
2366 3397 2555 3495 quod
2627 3396 2855 3472 acturi
2926 3404 3092 3470 sunt

195 3539 525 3614 perquam
582 3518 968 3614 diligenter
1023 3542 1178 3594 cum
1239 3519 1872 3596 Revereudissimo
1937 3520 2251 3594 Domino
2304 3521 2379 3594 in
2444 3519 2639 3614 dics,
2699 3526 2779 3593 ut
2829 3519 3085 3610 fertur,

195 3635 610 3714 Cracoviam
664 3641 807 3715 huc
861 3649 1183 3734 venture,
1259 3651 1336 3716 ut
1391 3665 1640 3717 omnes
1693 3642 1906 3716 huius
1959 3641 2241 3716 itineris
2302 3665 2665 3741 expensae
2718 3641 2793 3715 in
2860 3661 3087 3735 equos

195 3769 262 3834 et
293 3762 630 3836 viaticum
684 3786 817 3860 per
868 3763 1582 3840 Reverendissimum
1637 3763 2027 3837 Dominum
2081 3762 2231 3838 illis
2287 3772 2837 3863 compensentur
2874 3770 2944 3837 et
2979 3785 3087 3835 re-

195 3881 587 3960 stituantur.
649 3883 862 3976 Quod
918 3885 1206 3981 quidem
1263 3887 1328 3961 si
1376 3887 1470 3961 ab
1525 3886 1780 3960 eodem
1835 3884 2200 3960 obtentum
2257 3910 2397 3961 non
2450 3887 2686 3981 fuerit,
2744 3908 2835 3959 ex
2868 3905 3089 3982 pecu-

195 4004 306 4078 nia
357 4003 662 4082 Mensae
715 4029 890 4082 suae
943 4004 1386 4104 Capitularis
1440 4031 1520 4082 se
1567 4005 1644 4080 id
1700 4015 1922 4082 totum
1977 4006 2387 4083 reddituros
2442 4009 2871 4083 obtulerunt.
2943 4003 3085 4080 Oo-

193 4149 338 4200 ram
395 4129 648 4204 eodem
701 4128 1338 4205 Reverendissimo
1393 4131 1708 4206 Domino
1762 4131 2156 4205 solenniter
2207 4138 2664 4228 protestatur,
2733 4130 3086 4205 neminem

193 4246 260 4318 in
294 4257 658 4346 posterum
697 4251 792 4325 ad
826 4250 1236 4326 huiusmodi
1286 4253 1750 4346 granitierum
1807 4253 2173 4348 negotium
2229 4255 2386 4328 siue
2443 4253 2856 4352 provisione
2908 4249 3088 4348 Epi-

195 4372 392 4469 scopi
445 4395 537 4447 ex
589 4374 868 4468 gremio
923 4373 1037 4448 sui
1092 4395 1258 4448 esse
1314 4375 1684 4449 missuros.
1775 4373 2052 4451 Harum
2120 4384 2355 4452 autem
2425 4375 2894 4473 granitierum
2948 4382 3089 4447 ter-

193 4491 479 4568 minatio
533 4517 668 4592 pro
721 4502 928 4569 turno
981 4494 1132 4570 illis
1186 4497 1712 4595 computabitur
1764 4496 2151 4572 ordinarie.

1463 4808 1802 4909 CLVII.

857 5015 960 5096 De
1012 5014 1350 5099 vicariis.
1405 5016 1615 5099 Anno
1670 5015 1885 5100 1590.
1945 5017 2075 5101 nie
2133 5018 2182 5099 11
2239 5019 2429 5100 Maii.

397 5229 485 5302 In
539 5229 842 5304 termino
912 5227 1262 5304 hodierno
1318 5253 1408 5304 ex
1464 5229 1938 5328 dispositione
2007 5231 2417 5325 literarum,
2492 5255 2673 5328 quas
2743 5239 3091 5307 vocantur

200 5347 478 5448 Oridae,
537 5350 811 5447 debite,
869 5359 945 5427 ut
995 5345 1414 5450 apparebat,
1471 5361 1952 5450 executarum,
2010 5361 2262 5429 contra
2314 5377 2565 5429 omnes
2616 5353 3089 5430 Reverendos
