4055 6364
2055 669 2575 750 *18-

857 885 1202 962 Ecelesie
1253 886 1490 983 ipsam
1541 882 1882 979 leg-endo,
1943 903 2076 959 seu
2110 880 2636 958 Confessiones
2686 879 3071 976 audiendo,
3124 881 3219 956 ad
3264 881 3505 960 minus
3535 900 3791 980 usque

859 1005 960 1084 ad
1011 1007 1337 1084 osculum
1388 1007 1632 1105 pacis,
1687 1005 1882 1102 quod
1935 1003 2273 1084 Christus
2323 1003 2481 1078 suia
2532 1003 2913 1101 discipulis
2962 1003 3039 1077 in
3092 1003 3385 1098 signum
3436 1003 3787 1080 dileeflo-

859 1129 980 1205 nia
1023 1153 1114 1204 ao
1147 1129 1506 1204 fervorem
1557 1126 1956 1222 eharitatis,
2011 1125 2181 1200 dum
2224 1124 2298 1200 in
2337 1125 2551 1200 terris
2602 1123 3015 1200 humanitus
3079 1135 3595 1214 „conversatus
3650 1145 3791 1202 ex-

859 1251 1045 1328 stitit
1093 1251 1408 1348 reliquit,
1462 1256 1536 1325 et
1586 1249 1699 1324 sic
1749 1248 2081 1347 portione
2134 1246 2261 1322 tali
2306 1245 2427 1322 die
2460 1254 2885 1322 occurrente
2936 1247 3305 1342 gaudebit.
3362 1247 3526 1327 Nisi
3582 1249 3791 1324 forte

863 1371 961 1448 sit
991 1373 1208 1449 factis
1261 1371 1704 1449 notabilibus
1755 1369 2141 1447 Ecclesiae
2193 1367 2611 1468 praedictae
2662 1367 2986 1464 legitime
3036 1370 3531 1468 praepeditus,
3584 1389 3793 1468 quae

860 1493 1372 1592 impedimenta
1421 1493 1884 1569 Procuratori
1935 1499 2061 1568 aut
2112 1490 2713 1568 Procuratoribus
2766 1487 3087 1589 Capituli
3148 1492 3547 1590 praedictis
3567 1547 3587 1584 ,
3643 1513 3791 1592 per

863 1615 1358 1690 conscientiae
1429 1614 1954 1715 depositionem
2025 1613 2463 1710 declarabit,
2547 1610 2829 1688 debiles
2905 1621 3143 1688 autem
3216 1622 3293 1690 et
3358 1614 3629 1690 infirmi
3704 1613 3787 1688 in

865 1735 1180 1812 Civitate
1233 1736 1708 1814 Oraooviensi
1760 1735 2135 1832 degentes,
2194 1743 2265 1812 et
2316 1733 2411 1810 ad
2464 1735 2870 1834 praemissa
2908 1735 3003 1812 ad
3042 1736 3305 1812 dictam
3360 1735 3785 1814 Ecclesiam

870 1859 1283 1936 nullatenus
1333 1859 1730 1934 aseendere
1784 1859 2153 1954 valentes,
2224 1857 2558 1933 similiter
2608 1855 3022 1934 huiusmodi
3088 1859 3549 1957 portionibus
3594 1881 3787 1956 gau·

871 1979 1166 2075 debunt,
1217 1997 1468 2056 eorum
1537 1989 1780 2056 tamen
1849 1979 2342 2078 impotentiam
2398 1987 2471 2054 et
2522 1980 3045 2076 aegritudinem
3118 1981 3451 2057 similiter
3502 1982 3782 2059 Procu-

865 2103 1230 2180 tatoribus
1268 2103 1734 2202 praenotatis,
1789 2125 2041 2178 eorum
2076 2102 2519 2177 conscientia
2572 2103 2932 2178 mediante
2984 2103 3477 2180 insinuabunt.
3534 2105 3783 2180 Etiam

866 2225 994 2322 qui
1043 2225 1324 2302 ratione
1377 2224 1596 2301 studii
1629 2225 1704 2300 in
1743 2223 1998 2298 eadem
2055 2222 2366 2299 Civitate
2417 2221 2894 2300 cracoviensi
2944 2225 3379 2300 lectionibus
3430 2227 3776 2324 occupati

867 2347 1152 2440 fuerint,
1211 2347 1621 2422 notabiliter
1671 2345 2126 2446 portionibus
2180 2344 2575 2442 praedictis
2609 2346 3049 2441 gaudebunt,
3102 2348 3179 2422 in
3214 2371 3359 2444 quo
3396 2349 3779 2424 eonscien-

868 2469 1012 2546 tias
1063 2469 1414 2546 dictorum
1469 2468 1902 2546 studentium
1955 2489 2356 2542 oneramus.
2424 2467 2782 2543 Volumus
2832 2474 3068 2544 autem
3123 2468 3317 2567 quod
3368 2473 3779 2570 praefatum

869 2591 1279 2691 Capitulum
1327 2617 1372 2667 a
1409 2591 1886 2668 Procuratore
1939 2613 2070 2665 seu
2126 2588 2729 2666 Procuratoribus
2780 2593 3248 2688 praenotatio,
3304 2590 3395 2666 de
3442 2594 3779 2670 omnibus

873 2721 950 2790 et
981 2715 1294 2810 singulis
1328 2713 1682 2790 dictorum
1716 2713 2096 2807 fructuum,
2146 2711 2501 2787 reditibus
2536 2712 3125 2810 qualitercunque
3162 2714 3776 2811 provenientibus,

871 2837 1009 2913 sub
1063 2856 1300 2934 poena
1351 2835 1884 2935 suspensionis,
1939 2857 2154 2932 quam
2209 2857 2339 2910 eos
2389 2835 2554 2932 ipso
2615 2835 2812 2909 facto
2864 2835 3231 2910 incurrere
3284 2834 3621 2910 volumus
3642 2889 3661 2928 ,
3714 2837 3775 2912 si

875 2981 1094 3038 secus
1145 2959 1490 3053 fecerint,
1547 2981 1758 3055 quam
1811 2958 1887 3032 in
1944 2957 2310 3055 praesenti
2363 2953 2645 3032 Statuto
2702 2957 3193 3052 decernimus,
3266 2958 3381 3032 bis
3432 2957 3509 3031 in
3562 2955 3776 3033 Anno

874 3081 971 3157 ad
1021 3082 1321 3158 Festum
1379 3080 1910 3156 Purificationis
1978 3079 2353 3173 videlicet,
2427 3086 2501 3154 et
2566 3078 2663 3153 ad
2731 3079 3031 3154 Festum
3070 3077 3353 3154 'Sancti
3430 3076 3777 3154 Stanislai

873 3212 1196 3303 tempore
1265 3202 1474 3300 Mnij,
1529 3224 1662 3300 per
1714 3225 1797 3278 se
1849 3210 1974 3278 aut
2025 3202 2244 3276 alium
2300 3224 2429 3279 seu
2481 3202 2699 3296 ahoe,
2766 3224 2898 3299 per
2951 3224 3111 3277 eum
3167 3200 3583 3301 deputatum
3652 3210 3777 3279 aut

873 3326 1278 3424 deputatos,
1334 3323 1651 3400 debitam
1705 3332 1780 3399 et
1813 3324 2136 3399 strictam
2189 3324 2543 3420 recipiant
2592 3323 2966 3419 rationem,
3024 3322 3286 3420 quodsi
3339 3324 3532 3421 quod
3585 3326 3777 3399 absit

873 3446 1315 3524 Procurator
1367 3454 1490 3521 aut
1542 3445 2063 3522 Procuratores
2118 3445 2468 3543 praedicti
2519 3446 2595 3520 in
2646 3445 3058 3521 huiusmodi
3092 3447 3371 3521 ratione
3416 3445 3771 3541 deficiant,

874 3568 1059 3644 illud
1092 3570 1167 3643 in
1205 3588 1350 3665 quo
1385 3568 1821 3657 defecerint,
1889 3568 2080 3641 infra
2132 3590 2265 3641 sex
2316 3566 2674 3641 Mensium
2730 3568 3035 3665 spatium
3092 3567 3507 3643 huiusmodi
3558 3568 3769 3643 ratio·

875 3708 1039 3765 nem
1090 3689 1504 3766 immediate
1557 3691 2049 3786 sequentium,
2122 3689 2355 3764 eidem
2411 3686 2748 3786 Capitulo
2803 3692 2939 3765 sub
2992 3690 3771 3767 Excommunieationis

876 3834 1134 3911 poena,
1189 3835 1405 3909 quam
1441 3835 1571 3887 eos
1607 3811 1940 3887 similiter
1993 3811 2323 3886 volumus
2372 3810 2764 3906 incurrere,
2822 3812 2886 3886 si
2924 3834 3137 3887 secus
3180 3812 3507 3907 fecerint,
3564 3814 3769 3887 effec-

877 3935 1167 4010 tualiter
1236 3933 1674 4032 persolvant.
1752 3934 2014 4009 Nullus
2090 3954 2265 4008 vero
2336 3932 2717 4009 Praelatus
2788 3940 2911 4009 aut
2982 3934 3393 4009 canonicus
3458 3931 3776 4033 Capituli

878 4056 1281 4153 praenotati
1331 4055 1796 4153 interpellare
1847 4078 1981 4152 pro
2038 4054 2515 4131 Procuratore
2570 4064 2694 4129 aut
2730 4054 3333 4131 Procuratoribus
3384 4057 3777 4154 praedictis

879 4198 1014 4274 pro
1047 4177 1336 4252 defectu
1387 4176 1796 4253 huiusmodi
1849 4177 1984 4253 sub
2038 4174 2822 4253 Exoommunicationis
2876 4200 3135 4275 poena,
3192 4202 3409 4274 quam
3460 4179 3677 4253 etiam
3712 4180 3781 4254 si

861 4318 1094 4373 ‚mous
1145 4298 1421 4392 fecerit,
1477 4322 1560 4375 se
1595 4300 1878 4374 noverit
1926 4300 2379 4375 incursurum
2412 4307 2847 4398 praesumat.
2906 4298 3261 4375 Volumus
3306 4310 3544 4375 tamen
3582 4300 3777 4397 quod

879 4418 1320 4496 Pmourator
1383 4428 1512 4495 aut
1577 4420 2095 4497 Procuratores
2164 4424 2568 4521 praenotati
2637 4424 2805 4498 dum
2859 4432 2933 4497 et
2985 4423 3267 4520 quoties
3317 4423 3393 4497 in
3447 4424 3775 4519 negotia-

882 4541 1078 4617 tione
1137 4542 1364 4618 offieii
1434 4563 1678 4619 eorum
1758 4542 2300 4619 Procurationis
2370 4554 2835 4642 praenotatae
2888 4546 3302 4622 transierint
3371 4546 3782 4621 moderatas

883 4676 1246 4761 expensae
1295 4664 1612 4739 habeant
1627 4714 1649 4758 ,
1721 4671 1796 4740 et
1843 4666 2049 4741 iuxta
2100 4689 2345 4741 eorum
2399 4674 2739 4745 statutum
2794 4674 2867 4741 et
2919 4668 3399 4743 conditionem
3464 4665 3783 4742 deducat

886 4784 1392 4882 praesentibus
1441 4785 1517 4860 in
1571 4796 1989 4887 perpetuum
2044 4788 2399 4864 valituris.
