4055 6364
1379 767 1478 779 -
1591 721 1950 798 209-

1474 999 1841 1099 CCLXI.

254 1219 361 1301 De
419 1218 632 1304 modo
689 1222 1268 1324 repetendarum
1327 1223 1757 1323 pensionum
1815 1242 1949 1324 pro
2006 1222 2678 1307 Reverendissimis
2735 1224 3056 1306 Dominis

208 1343 612 1442 nepotatis
670 1343 1031 1426 iudicibus
1086 1343 1499 1425 ‘tribunalis
1555 1344 1778 1445 Requi
1835 1363 1885 1425 a
1945 1344 2619 1428 Reverendissimis
2691 1345 3113 1430 Abbatibus

629 1465 714 1544 et
767 1463 1228 1546 Abbatissis.
1286 1464 1492 1547 Anno
1551 1467 1734 1546 1722
1793 1465 1910 1546 die
1965 1464 2333 1547 sabbathi
2393 1466 2470 1547 16
2530 1466 2720 1548 Maii.

415 1691 596 1768 Cum
651 1694 906 1788 vigore
963 1692 1566 1770 Constitutionum
1643 1695 2205 1769 Provincialium
2263 1691 2883 1769 Reverendissimi
2958 1695 3110 1768 Do-

203 1815 378 1887 mini
451 1813 776 1890 Abbates
847 1824 921 1890 et
971 1815 1412 1890 Abbatissae
1483 1816 2086 1891 Monasteriorum
2160 1839 2290 1890 seu
2360 1813 2835 1890 Abbatiarum
2914 1815 3113 1890 dioe-

205 1958 630 2011 cesanarum
686 1945 1061 2012 teneantur
1135 1941 1522 2034 pensiones
1595 1938 1862 2012 ibidem
1920 1936 2388 2044 specificatas
2443 1959 2576 2034 pro
2628 1935 3110 2011 Reverendis-

204 2056 419 2132 dimis
496 2060 830 2134 Dominis
901 2060 1290 2156 Deputatis
1361 2060 1736 2135 Iudicibus
1797 2058 1891 2134 ad
1947 2059 2378 2134 Tribunalia
2442 2059 2679 2151 Regni
2733 2083 2778 2132 a
2834 2057 3111 2133 Celsis·

205 2179 388 2252 simo
445 2180 783 2278 Principe
821 2181 1327 2256 Illustrissimo
1366 2190 1438 2255 et
1475 2181 2110 2261 Revcrendissimo
2149 2180 2463 2254 Domino
2500 2179 2679 2253 Loci
2721 2178 3111 2254 Ordinatio

204 2303 594 2376 nominatis
649 2311 721 2376 ct
775 2327 819 2376 a
871 2301 1511 2377 Reverendissimo
1577 2302 1917 2401 Capitulo
1972 2303 2357 2376 Ecclesiae
2412 2299 2879 2396 Cathedralis
2933 2301 3106 2376 Cra-

205 2424 573 2498 ooviensis
628 2423 716 2497 de
771 2447 1067 2500 numero
1141 2426 1688 2501 nominatorum-
1733 2426 2004 2518 electis,
2081 2425 2157 2498 in
2212 2433 2535 2520 tempore
2615 2423 2773 2496 sine
2831 2422 3109 2496 dilatio-

207 2545 418 2619 nibus
473 2545 850 2619 exsolvere
905 2570 994 2618 ac
1047 2545 1571 2639 retardatione,
1628 2547 1844 2644 idque
1900 2546 2212 2646 praefati
2282 2543 2901 2618 Reverendissimi
2954 2545 3109 2618 Do-

205 2666 377 2740 mini
433 2664 760 2740 Abbates
831 2666 1218 2740 difficulter
1290 2677 1697 2764 praestant,
1755 2669 1978 2764 aliqui
2036 2667 2253 2742 etiam
2308 2666 2527 2741 talem
2580 2664 3107 2742 exsolutionem

205 2788 612 2884 denegant3
679 2787 846 2862 ideo
899 2784 992 2862 ad
1051 2789 1376 2862 effectum
1442 2790 1814 2866 celerioris
1877 2787 2260 2864 solutionis
2313 2787 2782 2862 Perillustres
2837 2795 2910 2861 et
2960 2787 3108 2862 Re-

205 2907 712 2984 verendissimi
765 2909 1061 2983 Domini
1115 2908 1524 3006 Capitulum
1568 2911 2004 2985 Cathedrale
2062 2909 2550 2984 Cracoviense
2615 2908 3109 3001 decreverunt,

205 3030 567 3104 mediante
623 3053 840 3128 super
892 3031 1032 3104 hoc
1089 3055 1394 3105 assensu
1449 3030 1857 3106 Celsissimi
1911 3030 2275 3127 Principis
2330 3029 2817 3105 Illustrissimi
2854 3037 2927 3104 et
2960 3029 3105 3103 Re-

205 3151 715 3228 verendissimi
767 3153 1062 3227 Domini
1115 3153 1296 3227 Loci
1353 3152 1725 3228 Ordinarii
1777 3153 1891 3228 sui
1928 3152 2467 3228 Cracoviensis:
2528 3158 2605 3227 ut
2656 3150 3105 3227 Perillustris

205 3282 276 3350 et
324 3274 1014 3351 Reverendissimus
1071 3276 1424 3349 Dominus
1480 3274 2041 3352 Commissarius
2096 3274 2187 3349 ad
2244 3274 2833 3350 Contributiones
2868 3273 3113 3349 hiber-

205 3398 412 3471 nales
467 3396 976 3494 percipiendas
1031 3421 1072 3471 e
1124 3396 1362 3472 medio
1420 3396 1738 3495 Capituli
1793 3398 2197 3495 deputatus,
2257 3396 2425 3471 dum
2482 3403 2555 3469 et
2598 3394 2882 3491 quoties
2934 3416 3110 3491 pen·

207 3520 454 3591 siones
502 3518 686 3591 tales
721 3526 1021 3613 repetet,
1077 3520 1280 3615 ipsas
1318 3516 1630 3593 Summis
1665 3519 1997 3593 Hiberna
2033 3518 2441 3616 appellatio,
2499 3517 2710 3591 etiam
2751 3538 2882 3613 pro
2921 3538 3111 3590 anno

207 3638 602 3715 Millesimo
657 3636 1301 3735 Septingentisimo
1375 3640 1732 3735 vigesimo
1813 3641 2044 3738 primo
2118 3639 2465 3734 adiunget
2544 3660 2675 3736 pro
2754 3637 3105 3711 facilitate

211 3760 720 3857 exsolutionis;
777 3760 1037 3856 quibus
1091 3784 1233 3835 nou
1291 3762 1640 3836 exsolutis
1694 3761 1908 3835 simul
1945 3785 2107 3836 cum
2146 3758 2437 3836 Summa
2490 3758 2882 3852 Hibernae,
2938 3780 3109 3833 exc-

208 3884 537 3959 cutiones
605 3906 735 3958 seu
807 3882 1110 3976 delatas,
1185 3883 1274 3956 ad
1352 3881 1610 3957 Curias
1686 3884 2121 3974 abbatiales‚
2201 3904 2331 3957 seu
2399 3902 2542 3977 quo
2610 3904 2703 3955 ex
2754 3887 3107 3955 consuetu

207 4005 469 4080 dimitti
539 4003 812 4097 solent,
885 4005 1220 4079 ordinare
1291 4026 1592 4078 necesse
1669 4002 2004 4097 habebit,
2082 4012 2153 4078 et
2202 4002 2472 4077 ibidem
2525 4002 2809 4075 locatos
2864 4000 3108 4075 consi-

205 4136 398 4201 stere
471 4126 739 4200 debere
809 4124 902 4198 ad
977 4124 1504 4200 exsolutionem
1575 4124 1944 4220 utriusque
2018 4132 2091 4198 et
2150 4123 2549 4199 hibernalis
2603 4130 2678 4197 et
2730 4121 3111 4220 pensionis

207 4245 568 4325 Summae.

1453 4629 1863 4733 CCLXII.

245 4836 346 4923 De
405 4832 986 4924 conservatione
1042 4840 1521 4942 lapidearum.
1591 4839 1797 4922 Anno
1854 4838 2042 4920 1723
2098 4838 2218 4921 die
2274 4839 2325 4920 ΙΙ
2384 4837 2762 4921 Februarii
2816 4838 3073 4921 iatum.

416 5068 802 5145 Obviando
875 5068 1444 5143 desolationibus
1517 5067 1894 5165 quibusvis
1966 5077 2040 5142 et
2108 5066 2583 5143 incommodis
2652 5066 3104 5165 lapidearum

215 5191 796 5277 residentialium‚
854 5189 1321 5266 Pei-illustres
1374 5199 1448 5265 et
1480 5189 2101 5265 Reverendissimi
2153 5189 2449 5264 Domini
2484 5186 2896 5286 Capitulum
2934 5209 3103 5286 spe-

217 5314 488 5389 cialiter
541 5314 1052 5389 commiserunt
1109 5312 1516 5387 Perillustri
1571 5320 1642 5387 et
1691 5312 2332 5388 Reverendissimo
2386 5310 2701 5386 Domino
2755 5308 3108 5385 Procura-

2695 5428 2779 5497 27
