4055 6364
2014 709 2583 789 —298—

848 919 946 988 sni
988 918 1319 986 vacantem
1360 917 1527 985 intra
1569 917 1883 984 trimestre
1928 937 2056 984 non
2099 919 2590 1002 praesentaverit
2653 917 3057 984 Sacerdotem
3120 917 3439 982 idoneum.
3509 915 3754 983 Ibidem

846 1042 1095 1110 quoqne
1140 1022 1459 1090 inhibetur
1504 1019 1789 1106 Collegio
1834 1021 2249 1102 vicariorum,
2299 1043 2378 1090 ne
2425 1023 2556 1090 suis
2605 1019 3042 1090 confratribus
3087 1021 3430 1088 concedere
3487 1039 3756 1104 praesu-

846 1132 1021 1196 mant
1080 1127 1399 1194 licentiam
1466 1125 1837 1194 absentandi
1902 1145 1971 1192 se
2036 1127 2115 1194 ab
2161 1126 2443 1194 Ecclesia
2509 1146 2620 1211 per
2664 1144 2930 1205 annum,
2999 1126 3112 1192 sed
3175 1125 3258 1191 ad
3303 1145 3620 1190 summum
3666 1125 3755 1190 ad

846 1231 1197 1310 trimestr03
1244 1231 1433 1316 idque
1478 1247 1604 1296 non
1649 1229 1727 1296 de
1770 1229 2027 1295 licentia
2074 1227 2344 1316 collegii
2388 1230 2802 1310 vicariorum,
2852 1230 2965 1296 sed
3011 1230 3090 1296 de
3133 1229 3394 1296 licentia
3435 1229 3756 1296 [ilustris-

846 1335 990 1402 simi
1034 1335 1186 1404 Loci
1231 1333 1567 1402 Ordinarii.

1050 1543 1159 1610 De
1218 1561 1370 1608 non
1433 1540 2005 1626 acceptandis
2079 1541 2578 1608 muneribus
2640 1561 2681 1625 p
2706 1561 2791 1608 er
2851 1541 3290 1626 Deputato
3315 1562 3346 1608 s
3411 1541 3757 1626 capitu-

842 1647 1069 1714 lares
1136 1647 1233 1713 ad
1292 1646 1787 1714 revisiones
1856 1646 2265 1712 bonorum
2291 1693 2308 1726 ,
2376 1645 2461 1713 in
2535 1645 2840 1730 quibus
2915 1647 3118 1712 sunt
3185 1664 3558 1712 summae
3632 1646 3756 1712 lo-

846 1751 1168 1818 candae
1214 1751 1707 1822 censuales,
1768 1751 2122 1817 oblatae
2183 1751 2279 1816 ab
2337 1751 2379 1816 b
2407 1749 2881 1816 aeredibus
2953 1749 3552 1832 praefatorum
3603 1748 3640 1814 b
3667 1767 3744 1814 o·

844 1873 1126 1922 norum
1172 1853 1433 1940 (Statut.
1460 1851 1891 1937 coum),
1930 1853 2063 1944 ,nisi
2098 1851 2260 1920 forte
2303 1853 2560 1938 ipsimet
2593 1852 2859 1936 praefati
2895 1854 3196 1920 haeredes
3242 1872 3360 1919 sua
3397 1854 3626 1937 sponte
3679 1854 3752 1918 et

844 1959 1081 2044 absque
1124 1959 1259 2026 nlla
1299 1957 1663 2038 licitatione,
1715 1958 2036 2042 quidpiam
2083 1957 2346 2027 offerant
2386 1957 2516 2024 illis
2561 1975 2677 2041 pro
2721 1958 2936 2024 labore
2983 1959 3048 2024 et
3089 1957 3508 2024 incommodis
3553 1957 3752 2022 itine-

842 2081 981 2128 rum
1045 2063 1232 2128 titulo
1275 2062 1554 2140 vialinm,
1622 2061 1812 2146 idque
1875 2081 2001 2127 non
2047 2061 2229 2128 aliter
2295 2080 2410 2127 nec
2455 2061 2636 2141 alias,
2696 2061 2818 2126 nisi
2881 2079 2992 2144 per
3042 2079 3262 2126 manus
3311 2061 3754 2126 Procuratoris

845 2164 1144 2250 Capituli,
1194 2170 1340 2252 post
1380 2166 1744 2250 inscriptam
1792 2184 2124 2232 summam.
2177 2165 2416 2246 Quodsi
2462 2184 2642 2231 secus
2687 2165 2970 2245 fecerint,
3037 2165 3335 2248 puniendi
3398 2166 3751 2230 decernun-

842 2271 967 2349 tur,
1030 2271 1427 2338 restitutione
1486 2269 1726 2354 accepti
1782 2269 1848 2336 in
1894 2270 2086 2355 duplo
2150 2273 2216 2336 et
2258 2271 2604 2354 privatione
2649 2269 3056 2336 refectionum
3119 2289 3232 2352 per
3296 2287 3408 2333 sex
3465 2286 3750 2333 menses.

845 2373 1023 2454 Quod
1070 2376 1273 2458 ipsum
1322 2375 1861 2458 circumscriptum
1909 2376 2120 2440 exacte
2165 2375 2372 2440 videre
2418 2378 2518 2440 est
2558 2373 2624 2438 in
2669 2371 2967 2456 Capitulo
3015 2372 3292 2456 generali
3337 2371 3554 2438 Sancti
3597 2371 3753 2438 Sta·

843 2477 1033 2544 nislai
1076 2477 1144 2544 in
1188 2478 1381 2558 Maio,
1448 2477 1631 2546 Anno
1676 2477 2018 2544 Millesimo
2085 2478 2544 2546 Sexcentesimo
2591 2478 2997 2562 nonagesimo
3055 2476 3353 2555 secundo,
3421 2474 3573 2541 folio
3623 2473 3755 2538 154

842 2579 911 2648 in
950 2579 1133 2652 Actis
1179 2580 1675 2668 Capitnlaribns.

1049 2788 1155 2855 De
1216 2791 1504 2856 Mense
1576 2789 2039 2856 amicorum
2111 2789 2370 2874 (Statut.
2420 2788 2692 2875 CCXL).
2759 2787 2957 2856 Cuius
3021 2789 3262 2856 Mensis
3328 2787 3582 2854 nomine
3641 2788 3754 2854 hic

840 2892 1099 2961 veniunt
1154 2894 1313 2960 duae
1379 2894 1789 2978 septimanae,
1857 2892 2084 2977 quibus
2148 2895 2414 2978 quilibet
2458 2894 2787 2960 Praelatus
2843 2896 2907 2959 et
2966 2890 3342 2970 Canonicus,
3407 2895 3748 2975 postquam

839 2997 906 3064 in
951 2996 1239 3082 Capitulo
1288 2998 1667 3081 probaverit,
1726 3015 1797 3063 se
1841 3015 2034 3079 penes
2080 2997 2433 3064 Ecclesiam
2477 3017 2594 3083 per
2637 3017 2749 3065 sex
2793 3015 3043 3063 menses
3087 2997 3418 3062 continuos
3464 2996 3566 3060 vel
3609 2996 3752 3062 dis·

837 3102 1193 3182 continuos,
1260 3101 1617 3189 incipiendo
1675 3119 1714 3166 a
1774 3119 1989 3166 mense
2052 3101 2340 3168 Ianuario
2403 3103 2820 3186 personaliter
2881 3102 3214 3178 mansisse,
3282 3101 3498 3184 potest
3541 3119 3608 3166 se
3665 3099 3750 3165 ab
3791 3101 3812 3110 ⁴

840 3206 1125 3273 Ecclesia
1168 3207 1495 3274 absentare
1542 3208 1606 3274 et
1646 3206 2055 3273 nihilominus
2103 3208 2412 3291 particeps
2455 3206 2589 3273 fieri
2639 3207 2920 3275 omnium
2966 3206 3434 3289 obventionum,
3481 3204 3583 3269 his
3631 3205 3748 3269 dn-

842 3310 1001 3377 abus
1050 3311 1417 3395 septimanis
1464 3310 1957 3390 occurrentibuS,
2024 3311 2338 3377 annuente
2383 3312 2596 3377 tamen
2651 3330 2843 3393 super
2883 3311 3003 3377 hoc
3050 3310 3456 3375 praesidente
3502 3312 3568 3372 et
3615 3306 3748 3372 Ca-

837 3414 1071 3499 pitu103
1112 3434 1185 3481 eo
1222 3414 1624 3481 nihilominus
1661 3416 1924 3495 attento,
1956 3433 2034 3480 ne
2071 3416 2354 3497 pluribus
2387 3416 2592 3491 simul,
2629 3432 2818 3497 quam
2857 3414 3122 3494 duobuS,
3166 3415 3265 3479 vel
3305 3412 3384 3477 ad
3423 3430 3748 3477 summum

838 3517 1043 3585 tribus
1110 3518 1422 3585 eiusmodi
1484 3518 1806 3586 absentiae
1868 3518 2135 3585 facultas
2199 3521 2596 3600 concedatur,
2658 3520 2844 3601 idque
2909 3516 3185 3599 exceptis
3253 3517 3750 3584 solemnioribus

839 3614 1089 3689 festisz'
1128 3622 1369 3690 Natalis
1414 3622 1693 3702 Domini,
1741 3622 2263 3705 Resurrectionis,
2314 3623 2719 3691 Pentecostes
2765 3625 2829 3689 et
2874 3620 3172 3705 Corporis
3221 3618 3481 3687 Christi.
