4055 6364
2116 795 2223 810 —
2332 750 2481 830 176
2587 799 2691 812 —

2226 978 2557 1082 CCXII.

949 1169 1051 1252 ne
1089 1167 1728 1254 distributionibus
1765 1169 2429 1253 Tribunaiistarum
2481 1175 2941 1256 oecurrente
2988 1174 3429 1256 limitatione
3478 1171 3874 1255 ordinaria

1349 1292 1808 1374 iudiciorum.
1864 1293 2073 1376 Anno
2134 1293 2323 1375 1610.
2382 1294 2509 1376 Die
2563 1294 2881 1379 Veneris
2935 1298 2986 1378 5
3044 1295 3451 1378 Februarii.

1155 1487 1272 1561 De
1325 1485 1950 1562 distributionibus
1999 1487 2409 1564 Reverendi
2457 1490 2753 1564 Domini
2798 1488 3143 1565 Andreae
3194 1489 3463 1587 Lipski
3510 1487 3875 1563 Canonici

947 1607 1488 1701 Oracoviensis‚
1566 1631 1658 1682 ex
1710 1608 2029 1685 dioecesi
2084 1608 2556 1686 Oracoviensi
2626 1611 2717 1685 ad
2795 1610 3065 1686 iudicia
3136 1610 3565 1686 Tribunalis
3618 1610 3875 1704 Regni

947 1729 1349 1806 exercenda
1405 1732 1762 1828 deputati,
1821 1755 1951 1830 pro
2004 1733 2287 1808 duabus
2351 1735 2773 1832 septimanis
2830 1736 3131 1809 retentis
3204 1741 3633 1831 propterea,
3695 1733 3875 1828 quia

946 1852 1108 1950 ipse
1161 1860 1328 1951 post
1381 1853 1812 1928 ordinariam
1865 1854 2359 1930 limitationem
2414 1855 2866 1932 Judiciorum
2921 1855 3569 1931 Tribunalitiorum
3628 1854 3869 1928 Petri-

949 1975 1202 2049 coviae
1257 1981 1420 2048 ante
1473 1975 1662 2049 festa
1714 1974 2133 2051 Nativitatis
2185 1978 2480 2052 Domini
2533 1981 2860 2077 proxime
2916 1979 3306 2076 praeterita
3358 1978 3661 2070 factam,
3718 2000 3870 2051 non
3998 1987 4030 2014 ⁸⁴

949 2095 1401 2191 Oracoviam‚
1450 2097 1580 2171 sed
1619 2095 1710 2172 ad
1749 2097 2459 2174 Reverendissimum
2496 2101 2886 2176 Dominum
2926 2101 3373 2199 Episcopum
3422 2097 3868 2174 0130011011-

952 2243 1105 2295 sem
1159 2227 1306 2293 tum
1359 2219 1706 2317 temporis
1757 2219 2073 2294 Kielciis
2127 2229 2683 2296 commorantem
2740 2246 2905 2297 sese
2954 2223 3380 2316 contulerat,
3445 2220 3867 2296 Reverendi

955 2340 1248 2415 Domini
1311 2341 1631 2416 Praelati
1684 2349 1757 2416 et
1809 2340 2164 2418 Canonici
2224 2367 2445 2442 supra
2500 2344 2751 2442 scripti
2803 2346 2881 2418 in
2932 2345 3073 2419 hoc
3124 2345 3455 2439 generali
3521 2341 3870 2441 Capitulo

949 2463 1410 2560 congregati,
1483 2471 1759 2538 mature
1831 2466 2323 2559 conferentes,
2398 2489 2853 2563 amoremque
2926 2468 3319 2541 fraternum
3384 2466 3737 2564 ampliare
3796 2473 3871 2538 et

949 2584 1464 2663 controversiis
1499 2610 1585 2660 ac
1620 2586 1892 2683 litibus,
1948 2611 2134 2684 quae
2186 2588 2540 2664 interdum
2581 2589 2731 2664 levi
2766 2613 2858 2664 ex
2894 2613 3119 2664 causa
3172 2589 3613 2684 exoriuntur,
3670 2589 3866 2662 viam

950 2706 1424 2807 praecludere
1479 2710 1872 2808 cupientes,
1928 2708 2340 2786 huiusmodi
2377 2711 2922 2787 distributiones
2958 2719 3276 2786 retentas
3328 2712 3663 2809 praefato
3716 2710 3863 2784 Re·

950 2831 1267 2906 verendo
1319 2832 1635 2905 Domino
1669 2830 2007 2906 Andreae
2057 2833 2323 2930 Lipski
2370 2831 2739 2908 Confi-atri
2786 2856 2919 2908 sno
2968 2833 3455 2908 concordibus
3492 2832 3867 2926 suffragiis
3929 2880 3940 2889 -

951 2951 1432 3028 extradendas
1469 2953 1960 3048 decreverunt,
2019 2962 2091 3029 et
2123 2955 2199 3028 in
2238 2963 2601 3052 posterum
2652 2963 3086 3031 statuerunt:
3142 2963 3221 3030 ut
3254 2953 3673 3029 Reverendi
3708 2955 3863 3027 Do-

949 3075 1123 3149 mini
1152 3097 1244 3148 ex
1269 3074 1410 3150 hoc
1447 3072 1781 3172 Collegio
1820 3099 1952 3152 suo
1980 3076 2073 3150 ad
2103 3076 2455 3151 eiusmodi
2488 3076 2782 3151 Judicia
2812 3076 3154 3174 deputati,
3195 3075 3562 3152 ordinaria
3596 3075 3861 3149 limita—

951 3199 1145 3275 tione
1175 3198 1522 3274 dictorum
1549 3198 1601 3273 J
1604 3196 2001 3274 udiciorum
2030 3200 2483 3273 Petricoviae
2508 3200 2724 3293 facta,
2754 3200 3239 3296 praesentiam
3270 3197 3681 3290 Ecclesiae,
3720 3198 3865 3272 hoc

952 3330 1064 3397 est
1107 3321 1648 3396 distributiones
1703 3344 1972 3413 omncs,
2032 3322 2312 3396 etiamsi
2368 3320 2795 3396 Cracoviam
2850 3344 2990 3395 non
3048 3322 3314 3396 fuerint
3367 3320 3665 3413 reversi,
3722 3320 3863 3393 ibi-

941 3444 1256 3541 „demque
1309 3445 1384 3517 in
1438 3442 1812 3518 Piotrkow
1865 3452 1987 3517 aut
2032 3444 2104 3517 in
2146 3444 2290 3517 alio
2344 3466 2768 3540 quocunqne
2822 3444 2987 3517 loco
3043 3442 3346 3518 durante
3402 3442 3542 3517 hac
3592 3442 3859 3515 limita-

949 3567 1144 3641 tione
1201 3565 1564 3639 ordinaria
1617 3566 2029 3660 manserint,
2086 3566 2435 3653 habeant,
2503 3566 2644 3639 nisi
2695 3567 2881 3640 forte
2936 3566 3320 3659 contigerit
3374 3566 3619 3661 aliqua
3672 3562 3861 3639 limi·

951 3688 1126 3763 tatio
1197 3686 1250 3763 J
1253 3686 1649 3762 udiciornm
1723 3688 2074 3762 eiusmodi
2150 3687 2717 3763 extraordinaria
2788 3698 3083 3791 propter
3153 3697 3433 3786 pestem
3496 3690 3619 3763 vel
3672 3690 3862 3763 alios

953 3834 1168 3886 casus
1215 3816 1288 3884 et
1335 3817 1636 3884 eventus
1680 3810 2037 3905 fortuitos,
2094 3818 2262 3884 tunc
2314 3811 2386 3883 in
2435 3834 2523 3885 eo
2571 3834 2745 3885 casu
2788 3820 2867 3883 ut
2912 3810 3214 3906 quilibet
3267 3809 3859 3885 Reverendorum

950 3933 1422 4007 Dominorum
1488 3932 2023 4029 Deputatorum‚
2083 3932 2205 4027 qni
2254 3931 2561 4005 voluerit
2616 3931 3191 4005 distributionum
3247 3956 3413 4006 esse
3470 3934 3859 4030 particeps,

948 4058 1150 4132 iuxta
1205 4056 1591 4129 Decretum
1648 4077 1778 4151 per
1828 4051 2299 4127 Reverendos
2359 4054 2707 4128 Dominos
2764 4054 2854 4127 de
2908 4054 3321 4150 praesentia
3384 4053 3861 4129 Dominorum

950 4177 1599 4253 Tribunalistarum
1625 4232 1643 4261 ,
1698 4173 1911 4249 Α11110
1947 4174 2339 4249 Millesimo
2396 4174 2993 4270 Quingentesimo
3050 4174 3572 4269 Octuagesimo
3628 4186 3856 4269 sexto,

952 4301 1071 4375 die
1121 4299 1372 4374 Lunae
1432 4296 1527 4374 19
1583 4298 1760 4373 Maii
1812 4298 1886 4372 in
1938 4298 2265 4391 generali
2320 4295 2660 4395 Capitulo
2712 4298 2979 4389 latum,
3053 4297 3145 4371 ad
3203 4298 3391 4371 hanc
3447 4299 3861 4373 Ecclesiam

954 4420 1458 4497 Cathedralem
1513 4417 2069 4495 Cracoviensem
2124 4417 2412 4493 omnino
2467 4418 2936 4515 regrediatur.

2208 4730 2582 4831 CCXIII.

956 4931 1098 5012 Pro
1130 4927 1405 5011 strena
1447 4924 1905 5007 Procurator
1930 4872 2393 5005 Venerabilis
2426 4922 2734 5022 canituli
2768 4920 3028 5003 decem
3060 4940 3345 5005 aureos
3384 4922 3692 5005 cuilibet
3726 4923 3859 5004 Re-

953 5048 1444 5135 verendorum
1485 5046 1935 5129 Dominorum
1977 5047 2338 5127 numeret.
2377 5045 2583 5127 Anno
2616 5042 2804 5125 ioio.
2840 5044 2973 5125 Die
3001 5043 3318 5128 Veneris
3355 5045 3409 5128 5
3449 5044 3855 5128 Februarii.

1164 5242 1650 5335 Quantitatem
1705 5248 1992 5315 strenae
2047 5246 2315 5314 certam
2380 5238 2689 5333 singulis
2742 5238 2952 5313 annis
3004 5238 3275 5314 habere
3328 5236 3664 5315 volentes
3714 5238 3855 5315 Re-

953 5364 1252 5444 verendi
1322 5363 1618 5439 Domini
1681 5364 1757 5438 in
1808 5363 1948 5437 hoc
2019 5359 2356 5461 Oapitulo
2424 5362 2751 5457 generali
2822 5362 3289 5457 congregati,
3363 5362 3857 5437 conformibus
