4055 6364
1333 793 1444 815 ·——
1539 747 1653 834 47
1759 797 1864 816 --

129 956 500 1070 Capituli·
540 973 673 1046 bis'
701 959 782 1046 in
840 981 1028 1045 anno
1085 970 1421 1044 videlicet
1487 969 1580 1044 ad
1635 957 1916 1045 festum·
1949 955 2509 1043 ‘Purificationis
2574 959 3053 1042 Beatissimae

133 1084 423 1172 Mariae
477 1095 835 1190 Virginis,
891 1107 966 1168 et
1017 1089 1268 1166 Sancti
1323 1093 1669 1166 Stanislai
1721 1091 2299 1189 tempore-Maii,
2355 1087 2683 1165 teneatur
2733 1091 3052 1184 exigere,

135 1226 210 1291 et
261 1219 415 1314 ipsi
465 1219 712 1293 facere
784 1214 1096 1290 debitam
1154 1215 1532 1306 rationem,
1609 1216 1744 1290 sub
1800 1237 2037 1312 poena
2090 1215 2184 1286 ab
2236 1214 2575 1307 ingressu
2646 1211 3053 1288 Ecclesiae.

133 1339 220 1413 In
281 1365 426 1436 qua
481 1340 772 1436 quidem
824 1339 1124 1429 ratione,
1183 1339 1248 1411 si
1301 1347 1375 1411 et
1424 1338 1494 1411 in
1553 1345 1818 1434 quanto
1875 1337 2291 1428 defecerint,
2346 1336 2420 1409 iu
2474 1343 2689 1409 tanto·
2726 1343 3056 1420 tenentur

131 1462 332 1534 infra
383 1485 518 1536 sex
555 1461 903 1534 mensium
959 1460 1292 1555 spatium,
1352 1460 1486 1533 sub
1541 1483 1776 1557 poena
1831 1457 2589 1532 excommunicationis
2643 1457 2834 1530 latae
2890 1481 3050 1530 sen·

136 1584 409 1676 tentiae
465 1581 788 1680 plenarie
845 1581 1292 1672 satisfacere,
1351 1603 1485 1654 nec
1541 1581 1808 1676 aliquis
1862 1579 2245 1654 Praelatus
2297 1579 2417 1652 vel
2467 1577 2880 1686 Canonicus
2918 1579 3052 1652 sub

137 1704 362 1778 simili
417 1703 863 1778 districtione
919 1702 1182 1776 audeat
1237 1726 1368 1797 pro
1423 1702 1554 1776 tali
1593 1703 2071 1778 Procuratore
2129 1700 2503 1776 deficiente
2557 1701 3047 1796 interpellare.

125 1827 324 1924 *Item
393 1825 912 1902 Procuratores
986 1825 1150 1899 dum
1225 1835 1298 1898 ct
1365 1825 1650 1921 quoties
1709 1825 1786 1898 in
1859 1824 2127 1927 officio·
2185 1823 2717 1926 procurationis
2752 1823 3053 1897 alicubi

137 1948 614 2041 transierunt,
691 1970 1082 2043 expensam
1157 1967 1548 2042 congruam
1625 1958 1930 2044 possunt
2001 1941 2399 2039 deducere,
2474 1953 2746 2019 attenta
2814 1955 3052 2018 tamen

135 2071 466 2168 ipsorum
521 2068 935 2144 conditione
991 2079 1062 2142 et
1085 2089 1090 2094 ·
1117 2075 1346 2142 status
1402 2069 1770 2164 qualitate.

1435 2396 1756 2497 LXlll.
1879 2465 1892 2478 ι

147 2571 252 2688 be
321 2605 703 2689 faciendis
774 2605 1193 2689 rationibus
1267 2625 1402 2705 ner
1474 2604 2026 2687 Vicecustolles
2102 2605 2497 2687 Ecclesiae
2538 2600 3052 2689 'cathedralis

699 2727 1229 2811 cracoviensis
1285 2727 1377 2809 tle
1435 2726 1879 2828 supellectili
1937 2727 2503 2858 ecclesiastica.

357 2939 477 3013 Ne
531 2936 887 3013 Clenodia
941 2947 1014 3013 et
1064 2961 1184 3013 res
1239 2937 1621 3012 Ecclesiae
1656 2953 1948 3013 nostrae
1987 2937 2501 3014 Oracoviensis
2538 2938 2842 3014 distrahi
2882 2925 3050 3014 con·

145 3062 420 3157 tingat,
495 3061 876 3138 statuimus
930 3068 1006 3134 ut
1059 3061 1368 3156 singulis
1423 3061 1634 3134 annis
1688 3059 2080 3136 secundum
2154 3058 2457 3134 formam
2534 3057 2796 3136 statuti
2850 3063 3054 3160 prius

150 3182 366 3279 positi
422 3184 700 3257 ratione
755 3206 800 3255 a
844 3182 1322 3259 Procuratore
1377 3181 1694 3281 Capituli
1749 3190 2062 3279 recepta,
2118 3182 2309 3257 idem
2362 3184 2661 3275 Domini
2714 3185 3055 3260 videlicet

151 3307 268 3399 qui
327 3304 762 3401 deputantur
815 3304 908 3377 ad
961 3307 1310 3379 rationem
1366 3328 1425 3378 a·
1463 3288 1942 3379 Pmcuratore
2013 3304 2328 3401 Capituli
2386 3306 2854 3401 exigendam,
2912 3331 3054 3383 una

149 3450 301 3499 cum
361 3426 842 3501 Procuratore
897 3452 1125 3521 novo,
1202 3427 1317 3502 die
1391 3429 1722 3525 sequenti
1790 3429 2136 3502 rationem
2194 3452 2239 3501 a
2290 3428 2899 3503 Vicecustodibus
2962 3430 3053 3503 de

149 3549 363 3622 rebus
419 3548 801 3622 Ecclesiae
855 3550 1230 3624 videlicet:
1306 3552 1714 3643 ornatibus,
1791 3551 2181 3643 calicibus,
2260 3551 2681 3652 Missalibus
2758 3560 2826 3625 ct
2887 3552 3053 3625 aliis

151 3670 385 3763 libris,
444 3670 780 3769 Ampulis
835 3694 922 3745 ac
977 3671 1068 3745 de
1125 3673 1432 3746 caeteris
1483 3674 1702 3747 rebus
1755 3673 1828 3746 in
1886 3696 2132 3747 corum
2189 3674 2588 3747 custodiam
2646 3675 3053 3748 commissis

153 3793 444 3887 en‘gere
497 3794 884 3887 debebunt,
943 3795 1235 3890 antiquo
1290 3794 1766 3870 Procuratore
1821 3794 1914 3869 ad
1969 3795 2045 3868 id
2099 3795 2513 3888 accedente,
2569 3805 2650 3868 ut
2700 3795 2869 3869 talis
2925 3817 3049 3868 no-

155 3936 280 3989 vus
355 3914 794 4007 Procurator
865 3916 1108 3990 videat
1161 3915 1330 4012 quid
1383 3918 1456 3991 in
1511 3917 1856 3992 thezauro
1929 3917 2018 3991 de
2074 3916 2293 3990 rebus
2364 3916 2884 3990 ecclesiasticis
2936 3939 3049 3989 re·

154 4036 496 4132 linquitur
562 4036 802 4110 eidem
873 4036 966 4111 ad
1039 4040 1415 4133 tuendum,
1491 4048 1569 4115 ut
1621 4062 1740 4113 res
1814 4038 2190 4113 Ecclesiae
2255 4040 2325 4111 in
2384 4062 2515 4112 sua
2586 4044 3055 4135 permaneant

157 4157 599 4254 plenitudine
656 4167 727 4233 et
777 4159 1214 4253 integritate.

1441 4472 1764 4572 LXIV.

165 4673 256 4756 lle
326 4675 593 4760 dandis
661 4677 1208 4762 refectionibus
1274 4680 1592 4763 Dominis
1665 4681 2064 4780 Denutatis
2131 4682 2198 4761 in
2262 4682 2559 4782 neuntio
2628 4683 3047 4765 Ecclesiae.

363 4887 657 4963 Justum
713 4892 788 4962 et
839 4896 984 4962 tam
1037 4890 1298 4964 rationi
1371 4914 1586 4987 quam
1659 4893 2000 4988 aequitati
2075 4893 2436 4967 credimus
2491 4902 3049 4967 consentaneum

169 5018 234 5082 ut
283 5011 578 5107 publica
627 5018 1022 5085 tractantes
1075 5014 1366 5106 negotia
1418 5014 1730 5111 publicis
1785 5014 2048 5089 debent
2102 5017 2384 5090 solatiis
2440 5018 2846 5109 confoveri,
2906 5025 3051 5089 sta·

169 5133 418 5206 tuimus
491 5132 684 5229 quod
739 5134 1300 5230 quotiescunque
1373 5136 1593 5231 aliqui
1647 5136 1944 5211 Fratres
1984 5140 2070 5212 in
2127 5138 2441 5232 negotiis
2513 5137 3051 5236 Capitularibus

169 5254 420 5329 bonum
475 5254 880 5331 Ecclesiae.
914 5256 1401 5357 disponentes,
1459 5284 1716 5334 versus
1757 5283 2266 5358 quamcunque
2310 5268 2585 5358 partem
2642 5262 2843 5335 missi
2870 5262 3047 5335 fue·

125 5376 320 5471 .rint,
375 5378 606 5472 tales,
637 5388 978 5475 tanquam
1032 5389 1476 5477 praesentes,
1535 5382 1962 5474 refectiones
2015 5383 2496 5481 pecuniarias,
2556 5384 2619 5457 si
2658 5406 2843 5483 quae
2876 5392 3049 5461 tunc
