4055 6364
1396 763 1962 838 —157-

229 969 634 1044 conflatorii
683 969 1124 1046 haeredibus
1179 971 1477 1064 adimet,
1533 997 1670 1046 nec
1722 973 1944 1047 ullum
2000 973 2582 1070 impedimentum
2636 976 2711 1048 in
2764 979 2981 1052 rebus
3034 978 3129 1054 ad

231 1092 682 1166 conflandum
739 1116 868 1168 aes
905 1093 1428 1190 pertinentibus
1481 1095 1722 1168 faciet.
1777 1094 2078 1192 Elapsis
2125 1118 2299 1171 vero
2338 1105 2499 1172 octo
2536 1100 2905 1174 mensibus
2943 1102 3129 1176 eius-

227 1213 422 1288 modi
460 1237 590 1311 pro
627 1214 1060 1290 haeredibus
1099 1217 1450 1291 demortui
1504 1216 1874 1314 Episcopi,
1931 1226 2009 1291 ut
2048 1219 2518 1315 praemissum
2566 1228 2698 1316 est,
2753 1223 3127 1320 ordinatis,

229 1335 666 1411 Venerabile
731 1335 1140 1434 Capitulum
1203 1361 1490 1413 menses
1547 1346 1851 1434 quatuor
1910 1339 2319 1414 immediate
2376 1351 2759 1438 sequentes
2812 1344 2903 1417 ad
2962 1368 3131 1420 con-

226 1455 511 1533 flandas
585 1458 908 1533 Mineras
977 1469 1278 1533 vacante
1353 1457 1542 1535 Sede
1617 1483 1749 1558 pro
1821 1459 2083 1536 Mensa
2148 1486 2279 1537 sua
2334 1488 2375 1536 e
2428 1466 2789 1540 montibus
2860 1467 3133 1543 eisdem

229 1587 512 1671 erutas,
581 1581 910 1654 similiter
959 1581 1232 1656 liberos
1286 1581 1620 1677 habebit,
1681 1607 1812 1657 nec
1867 1583 2046 1656 illud
2102 1584 2587 1660 Illustrissimi
2643 1595 2714 1660 et
2765 1587 3130 1664 Reveren-

230 1700 510 1776 dissimi
561 1703 857 1777 Domini
918 1702 1272 1802 Episcopi
1343 1705 1766 1780 durantibus
1837 1705 2109 1781 eisdem
2184 1708 2551 1782 mensibus
2602 1708 2676 1782 in
2734 1711 3133 1786 conflandis

227 1822 532 1898 Mineris
587 1825 972 1921 eiusmodi,
1031 1848 1306 1922 usuque
1361 1827 1763 1901 conflatorii
1817 1835 1889 1902 et
1939 1829 2567 1906 instrumentorum
2634 1831 2727 1905 ad
2780 1833 2921 1908 hoc
2973 1829 3133 1931 per-

227 1946 626 2041 tinentium,
686 1947 1102 2040 carbonum,
1157 1948 1540 2043 lignorum,
1597 1949 1942 2023 artificum
1995 1959 2066 2024 et
2100 1951 2399 2025 aliarum
2453 1976 2693 2028 rerum
2728 1955 3135 2030 nullatenus

228 2093 361 2166 pro
419 2071 652 2168 spatio
709 2071 1238 2168 praedictorum
1293 2072 1642 2146 mensium
1666 2128 1684 2163 ‚
1756 2079 1900 2146 tam
1955 2096 2087 2170 per
2140 2097 2257 2169 se,
2317 2097 2529 2170 quam
2586 2100 2717 2174 per
2769 2099 2942 2152 suos
2996 2076 3135 2150 Mi-

228 2192 498 2267 nistros
549 2193 1018 2292 praepedire,
1075 2219 1162 2268 ac
1216 2196 1290 2269 in
1349 2216 1434 2267 eo
1490 2217 1662 2268 suas
1714 2195 2037 2270 Mineras
2106 2197 2286 2272 citra
2356 2196 2865 2274 admissionem
2937 2200 3134 2275 illius

227 2313 544 2388 conflare
617 2316 951 2412 poterint.
1043 2317 1436 2412 Postquam
1508 2338 1683 2390 vero
1757 2318 2111 2414 praedicti
2166 2327 2472 2414 quatuor
2541 2345 2830 2397 menses
2904 2323 3135 2420 elapsi

227 2436 514 2532 fuerint,
570 2446 740 2513 tunc
789 2439 1071 2515 demum
1126 2438 1420 2512 Domini
1477 2437 1658 2514 Loci
1713 2437 2081 2514 Ordinarii
2134 2442 2459 2516 Mineras
2513 2467 2683 2518 suas
2721 2445 2912 2519 aeris
2964 2467 3131 2518 con-

225 2558 537 2654 flabunt,
597 2584 914 2657 ususque
969 2563 1373 2636 conflatorii
1427 2561 1850 2636 Venerabili
1905 2560 2244 2661 Capitulo
2300 2565 2661 2662 adiment3
2718 2590 2937 2664 super
2990 2589 3132 2662 quo

228 2681 700 2777 Privilegium
755 2684 1237 2760 Illustrissimi
1274 2709 1360 2759 ac
1399 2683 2014 2760 Reverendissimi
2069 2686 2365 2760 Domini
2400 2685 2754 2786 Episcopi
2794 2713 2936 2764 una
2973 2713 3131 2764 cum

225 2801 652 2878 Venerabili
725 2803 1061 2904 Capitulo
1119 2805 1591 2881 Cracoviensi
1645 2808 1934 2902 factum,
1989 2807 2067 2880 in
2120 2809 2358 2883 futuro
2414 2807 2753 2908 Capitulo
2808 2812 3133 2906 generali

223 2925 448 3000 iidem
499 2926 910 3003 Reverendi
963 2930 1258 3004 Domini
1313 2929 1776 3024 sigillandum
1832 2929 2363 3006 concluserunt.

1423 3242 1953 3345 CLXXXII.

229 3447 333 3530 ne
397 3448 643 3532 calice
707 3470 844 3551 per
900 3451 1336 3552 Episcopum
1407 3451 1984 3535 cracoviensem
2046 3452 2206 3553 ipsc
2262 3452 2380 3537 die
2438 3454 2553 3536 sui
2612 3455 3007 3555 inpressus
3064 3457 3132 3537 in

415 3574 606 3654 hanc
666 3573 1077 3656 Ecclesiam
1136 3573 1397 3657 dando.
1455 3576 1662 3657 Anno
1719 3575 1905 3657 1601.
1963 3575 2093 3657 nie
2150 3575 2420 3659 Martis
2476 3576 2526 3656 2
2586 3577 2956 3662 octobris.

443 3784 829 3860 Obviando
886 3784 1427 3861 difficultatibus
1482 3794 1554 3860 et
1603 3786 1892 3879 litibus,
1970 3810 2153 3883 quae
2208 3787 2377 3861 huic
2428 3786 2851 3864 Venerabili
2914 3788 3129 3887 Capi-

231 3909 380 3983 tulo
436 3915 604 4005 post
657 3916 955 3983 mortem
1028 3908 1390 4007 Episcopi·
1435 3933 1595 3983 cum
1648 3910 1846 3983 illius
1917 3908 2353 3984 haeredibus
2426 3933 2555 3985 seu
2629 3912 3131 3987 executoribus

233 4054 322 4103 ex
375 4040 580 4129 parte
657 4029 932 4104 Calicis
1001 4032 1228 4125 aurei,
1299 4055 1431 4128 per
1494 4054 1986 4128 quemcunque
2058 4031 2501 4129 Episcopum
2576 4033 3132 4109 Cracoviensem

230 4152 430 4227 iuxta
483 4150 763 4226 Statuta
818 4152 1197 4227 Ecclesiae
1252 4152 1464 4229 huius
1520 4160 1592 4227 et
1647 4152 1986 4252 Capituli,
2046 4153 2378 4252 dandum,
2438 4158 2768 4231 accidere
2825 4156 3127 4251 soleant,

229 4273 642 4349 Reverendi
705 4275 999 4349 Domini
1055 4272 1552 4371 Capitulares,
1626 4285 1904 4369 matura
1957 4278 2144 4351 inter
2196 4302 2278 4353 se
2334 4280 2849 4355 deliberatione
2920 4303 3130 4377 prae-

229 4395 498 4488 habita,
553 4397 870 4471 unanimi
923 4404 1090 4471 voto
1128 4406 1521 4472 statueruet.
1558 4407 1628 4471 et
1664 4399 2193 4495 ordinaverunt,
2252 4404 2759 4499 praesentique
2816 4403 3132 4477 Decreto

233 4526 553 4595 statuunt
605 4528 677 4593 et
728 4520 1098 4613 ordinant,
1160 4521 1295 4595 sub
1350 4521 1871 4619 approbatione
1926 4532 2163 4597 tamen
2221 4532 2291 4598 et
2344 4527 2731 4600 annuentia
2780 4524 3129 4600 Illustris-

233 4641 394 4715 simi
444 4649 516 4717 et
556 4642 1170 4717 Reverendissimi
1227 4644 1523 4718 Domini
1575 4644 1926 4742 Episcopi
1981 4643 2512 4740 Cracoviensis‚
2568 4647 2828 4722 amodo
2884 4656 2955 4721 et
3008 4646 3130 4721 de—

230 4765 484 4863 inceps
535 4766 796 4841 futuris
830 4774 904 4839 et
940 4767 1305 4863 perpetuis
1359 4767 1803 4865 temporibus
1857 4767 2386 4844 observandum
2423 4772 2793 4845 nimirum:
2851 4778 2931 4845 ut
2978 4770 3130 4865 qui-

231 4886 412 4963 libet
446 4889 518 4960 in
559 4888 1000 4985 Episcopum
1057 4888 1613 4963 Cracoviensem
1671 4890 1943 4963 electus
1979 4891 2099 4963 vel
2135 4893 2541 4988 postulatus
2588 4901 2659 4966 et
2704 4916 2835 4990 per
2870 4888 3129 4965 Sedem

232 5008 730 5109 Apostolicam
789 5011 1281 5103 confirmatus,
1355 5012 1498 5085 iam
1553 5032 1693 5085 non
1747 5012 1937 5086 intra
1989 5014 2202 5087 unius
2256 5016 2425 5088 anni
2480 5014 2860 5090 decursum
2915 5039 2960 5087 a
3014 5014 3131 5087 die

233 5132 580 5228 pacificae
632 5132 1155 5231 possessionis,
1211 5142 1290 5207 ut
1339 5134 1412 5207 in
1468 5130 1748 5207 Statuto
1802 5134 2015 5209 huius
2082 5134 2462 5211 Ecclesiae
2520 5138 2937 5229 continetur,
3000 5136 3129 5211 sed

233 5254 474 5329 statim
535 5255 699 5352 ipso
755 5255 870 5329 die
921 5255 1215 5331 iucundi
1269 5257 1381 5331 sui
1431 5257 1830 5352 ingress11S‚
1888 5281 2087 5333 more
2142 5258 2639 5335 Praelatorum
2694 5269 2764 5334 et
2816 5258 3128 5335 Canoni-

235 5400 476 5453 corum
550 5376 764 5453 huius
835 5376 1215 5454 Ecclesiae
1268 5380 1342 5453 in
1399 5402 1530 5455 suo
1583 5380 1894 5455 iucundo
1955 5382 2292 5477 ingressu
2364 5380 2689 5480 Cappam
2762 5390 3131 5457 numerata
