4055 6364
2062 739 2583 817 ...92—

869 968 1289 1065 Christum,
1361 968 1631 1045 Filium
1704 970 1885 1047 DEI
1949 970 2424 1067 Unigenitum
2482 976 2553 1044 et
2606 993 2698 1045 ex
2750 968 2969 1045 Patre
3022 976 3262 1047 natum
3318 978 3483 1047 ante
3536 972 3779 1049 omnia

869 1092 1200 1187 saecula,
1255 1093 1493 1168 Deum
1551 1091 1641 1168 de
1695 1095 1899 1189 Deo,
1973 1094 2255 1169 Lumen
2308 1092 2400 1168 de
2452 1092 2800 1188 Lumine,
2873 1095 3113 1169 Deum
3166 1117 3412 1170 verum
3465 1093 3558 1169 de
3610 1096 3779 1171 Deo

870 1236 1067 1310 ver0,
1121 1215 1444 1309 genitum
1498 1238 1642 1291 non
1695 1218 1986 1313 factum,
2045 1216 2729 1293 consubstantialem
2785 1216 3033 1311 Patri,
3086 1240 3217 1313 per
3270 1239 3480 1313 quem
3535 1218 3779 1293 omnia

824 1338 1066 1418 ‚facta
1140 1345 1325 1412 sunt.
1420 1337 1568 1428 Qui
1639 1348 1934 1438 propter
2003 1362 2141 1415 nos
2210 1339 2539 1415 homines
2592 1346 2665 1413 et
2717 1346 3013 1437 propter
3082 1346 3397 1414 nostram
3471 1340 3779 1415 salutem

872 1458 1250 1535 descendit
1321 1460 1412 1535 de
1486 1461 1714 1537 coelis
1769 1470 1840 1536 et
1891 1462 2307 1537 incarnatus
2380 1468 2493 1535 est
2566 1460 2656 1536 de
2727 1458 3002 1559 Spiritu
3066 1458 3332 1536 Sancto
3398 1486 3491 1537 ex
3540 1462 3779 1537 Maria

873 1582 1206 1678 Virgine,
1263 1588 1336 1657 et
1384 1581 1602 1659 homo
1652 1585 1888 1659 factus
1942 1591 2075 1659 est.
2135 1582 2544 1659 Crucifixus
2598 1583 2811 1660 etiam
2874 1606 3008 1681 pro
3058 1583 3273 1659 nobis
3326 1585 3461 1659 sub
3513 1583 3779 1661 Pontio

869 1703 1131 1799 Pilato,
1188 1727 1452 1803 passus
1489 1712 1562 1781 et
1597 1706 1925 1804 sepultus
1963 1716 2096 1781 est.
2154 1706 2253 1781 Et
2304 1705 2664 1781 resurexit
2710 1706 2927 1781 tertia
2964 1704 3081 1779 die
3118 1705 3510 1781 secundum
3548 1707 3777 1805 scrip-

875 1835 1098 1923 turas,
1155 1834 1228 1902 et
1279 1827 1610 1903 ascendit
1661 1829 1737 1903 in
1793 1827 2114 1923 coelum,
2189 1828 2396 1904 sedet
2446 1828 2539 1904 ad
2576 1826 2971 1927 {dexteram
3026 1827 3293 1903 Patris.
3376 1828 3474 1903 Et
3523 1828 3781 1905 iterum

871 1957 1216 2026 venturus
1270 1957 1384 2025 est
1437 1973 1596 2025 cum
1649 1951 1888 2047 gloria
1937 1951 2261 2027 iudicare
2313 1949 2524 2025 vivos
2567 1958 2641 2026 et
2685 1958 3031 2045 mortuos,
3088 1950 3289 2027 cuius
3342 1950 3585 2047 Regni
3633 1974 3779 2025 non

877 2074 1015 2149 erit
1064 2074 1260 2149 finis.
1313 2072 1411 2149 Et
1443 2072 1518 2147 in
1557 2071 1900 2172 Spiritum
1957 2072 2299 2150 Sanctum
2354 2074 2742 2149 Dominum
2798 2082 2871 2148 et
2924 2073 3454 2168 Vivificantem,
3511 2074 3635 2169 qui
3688 2096 3783 2147 ex

873 2195 1094 2269 Patre
1147 2194 1483 2293 Filioque
1535 2195 1904 2295 procedit,
1975 2198 2098 2293 qui
2153 2220 2313 2272 cum
2367 2196 2584 2272 Patre
2639 2202 2711 2272 et
2762 2196 2955 2272 Filio
3030 2196 3243 2271 simul
3314 2194 3659 2270 adoratur
3710 2204 3786 2271 et

879 2317 1486 2413 conglorificatur,
1569 2319 1693 2415 qui
1761 2318 2049 2396 locutus
2121 2328 2233 2394 est
2301 2342 2435 2417 per
2504 2317 2930 2417 Prophetas.
3004 2318 3103 2392 Et
3154 2341 3366 2393 unam
3440 2314 3783 2393 Sanctam

874 2437 1322 2515 Catholicam
1359 2448 1433 2515 et
1467 2439 1968 2539 Apostolicam
2008 2440 2440 2515 Ecclesiam.
2484 2438 2851 2516 Confiteor
2886 2464 3101 2516 unum
3138 2438 3515 2537 Baptisma
3551 2440 3629 2513 in
3665 2462 3783 2514 re-

876 2562 1292 2637 missionem
1332 2571 1817 2663 peccatorum,
1869 2572 1941 2639 et
1977 2571 2283 2665 expecto
2332 2563 2930 2638 resurrectionem
2976 2571 3412 2639 mortuorum
3452 2570 3525 2637 et
3560 2563 3786 2637 vitam

722 2696 730 2704 '
876 2687 1158 2761 venturi
1209 2686 1507 2781 saeculi,
1558 2686 1814 2760 Amen.
1872 2684 2345 2783 Apostolicas
2382 2693 2453 2761 et
2489 2684 3053 2762 Ecclesiastioas
3105 2685 3551 2781 traditiones,
3611 2685 3783 2761 reli-

878 2832 1200 2905 quasque
1254 2808 1574 2886 eiusdem
1629 2808 2012 2885 Ecclesiae
2066 2810 2616 2885 observationes
2668 2816 2741 2884 et
2775 2809 3323 2885 constitutiones
3371 2807 3788 2883 firmissime

879 2928 1181 3006 admitto
1236 2937 1309 3006 et
1361 2931 1780 3029 amplector.
1873 2931 2059 3005 Item
2112 2929 2407 3006 Sacram
2479 2928 2922 3029 Scripturam
2992 2932 3192 3006 iuxta
3254 2954 3414 3007 eum
3468 2954 3785 3023 sensum,

878 3076 1090 3150 quem
1143 3054 1369 3129 tenuit
1423 3062 1494 3127 et
1546 3062 1743 3128 tenet
1795 3050 2065 3129 Sancta
2136 3064 2365 3129 mater
2434 3053 2811 3148 Ecclesia,
2888 3053 3091 3128 cuius
3154 3062 3267 3129 est
3316 3054 3639 3128 iudicare
3694 3051 3789 3127 de

881 3160 1054 3252 vero
1091 3199 1311 3252 sensu
1347 3185 1421 3252 et
1453 3176 2047 3275 interpretatione
2084 3174 2467 3253 Sacrarum
2500 3174 3051 3275 Scripturarum,
3094 3175 3413 3270 admitto,
3454 3201 3591 3252 nec
3628 3201 3793 3251 eam

878 3323 1222 3397 unquam,
1277 3299 1420 3375 nisi
1471 3300 1674 3375 iuxta
1725 3301 2130 3376 unanimem
2190 3323 2619 3376 consensum
2676 3299 2972 3374 Patrum
3031 3300 3382 3397 accipiam
3438 3307 3513 3374 et
3566 3300 3791 3374 inter·

880 3423 1239 3523 pretabor.
1325 3421 1682 3497 Profiteor
1734 3445 2020 3520 quoque
2076 3431 2352 3521 septem
2408 3445 2573 3498 esse
2626 3447 2797 3497 vere
2854 3430 2926 3496 et
2978 3423 3267 3520 proprie
3322 3419 3797 3498 Sacramenta

878 3566 1112 3619 novae
1165 3543 1396 3641 Legis
1451 3567 1496 3617 a
1545 3543 1599 3620 J
1601 3541 1802 3620 ESU
1855 3544 2152 3621 Christo
2204 3547 2519 3620 Domino
2574 3545 2845 3621 Nostro
2899 3545 3223 3620 instituta
3276 3552 3493 3643 atque
3536 3546 3629 3619 ad
3666 3569 3790 3620 sa-

841 3651 1099 3742 ’lutem
1168 3667 1460 3743 humani
1511 3668 1825 3763 generis,
1882 3667 2057 3742 licet
2110 3690 2251 3743 non
2309 3667 2547 3743 omnia
2602 3667 2913 3762 singulis
2976 3669 3429 3762 necessaria,
3504 3667 3795 3743 scilicet

880 3789 1354 3887 Baptismum,
1412 3787 2071 3880 Confirmationem‚
2129 3789 2693 3885 Eucharistiam,
2749 3788 3312 3882 Poenitentiam,
3370 3789 3795 3866 Extremam

881 3910 1337 4004 Unctionem,
1397 3910 1744 3987 Ordinem
1793 3921 1864 3987 et
1899 3911 2455 4004 Matrimonium,
2509 3911 2782 4008 illaque
2817 3911 3123 4005 gratiam
3173 3912 3529 4006 conferre,
3586 3921 3795 3987 etex

881 4033 1000 4109 his
1051 4032 1538 4132 Baptismum,
1594 4032 2225 4113 Confirmationem
2282 4042 2352 4108 et
2406 4032 2752 4108 Ordinem
2808 4034 2965 4109 sine
3019 4034 3406 4129 sacrilegio
3458 4035 3795 4111 reiterari

882 4178 1026 4230 uon
1080 4179 1321 4253 posse.
1395 4155 1762 4255 Receptos
1817 4179 2101 4253 qnoque
2157 4163 2229 4230 et
2280 4157 2723 4254 approbatos
2776 4155 3159 4230 Ecclesiae
3214 4153 3635 4231 Catholicae
3686 4158 3792 4231 ri·

884 4285 1002 4354 tus
1068 4280 1144 4352 in
1210 4278 1782 4376 supradictorum
1869 4279 2181 4354 omnium
2254 4275 2877 4354 Sacramentorum
2960 4278 3265 4353 solemni
3335 4278 3795 4353 administra-

885 4400 1081 4475 tione
1133 4401 1408 4498 recipio
1461 4408 1535 4476 et
1587 4401 1908 4476 admitto.
1993 4400 2257 4477 Omnia
2312 4410 2383 4475 et
2437 4401 2765 4496 singula,
2831 4423 3014 4497 quae
3068 4400 3158 4474 de
3214 4410 3512 4497 peccato
3568 4400 3797 4495 origi·-

887 4523 1036 4597 nali
1091 4531 1162 4597 et
1214 4523 1306 4598 de
1359 4523 1865 4598 iustificatione
1916 4523 1992 4598 in
2048 4519 2531 4598 Sacrosancta
2594 4520 2893 4622 Synodo
2948 4522 3243 4597 definita
3296 4530 3369 4597 et
3426 4523 3802 4598 declarata

886 4645 1210 4739 fuerunt,
1266 4646 1662 4742 amplector
1714 4653 1786 4720 et
1838 4646 2135 4744 recipio.
2218 4645 2576 4721 Profiteor
2628 4645 2899 4742 parite-r
2947 4645 3021 4718 in
3075 4643 3311 4720 Missa
3362 4646 3568 4719 offeri
3619 4646 3794 4722 Deo

890 4789 1159 4860 verum,
1216 4769 1584 4865 proprium
1640 4775 1712 4842 et
1748 4768 2325 4866 propitiatorium
2380 4766 2827 4843 Sacrificium
2882 4790 3015 4864 pro
3068 4768 3258 4842 vivis
3294 4776 3367 4842 et
3405 4768 3795 4866 defunctiS,

890 4894 1103 4984 atque
1153 4889 1230 4962 in
1285 4885 1756 4965 Sanctissimo
1811 4890 2315 4966 Eucharistiae
2369 4886 2836 4965 Sacramento
2892 4912 3057 4964 esse
3110 4912 3313 4984 vere,
3372 4890 3662 4966 realiter
3712 4903 3802 4967 et

892 5011 1460 5086 substantialiter
1528 5009 1815 5110 Corpus
1885 5021 1958 5087 et
2011 5009 2451 5107 Sanguinem
2522 4992 2665 5088 una
2736 5036 2895 5087 cum
2968 5013 3207 5086 anima
3260 5015 3333 5088 et
3388 5012 3797 5090 Divinitate

891 5133 1186 5208 Domini
1237 5134 1488 5209 Nostri
1541 5132 1796 5210 JESU
1851 5133 2162 5230 Christi,
2231 5135 2529 5230 fierique
2582 5135 3129 5210 conversionem
3181 5135 3401 5210 totius
3454 5136 3800 5210 substan-

890 5255 1034 5331 tiae
1089 5256 1300 5355 panis
1349 5256 1425 5331 in
1480 5281 1764 5356 corpus,
1821 5263 1894 5332 et
1946 5258 2165 5334 totius
2220 5258 2663 5334 substantiae
2718 5258 2871 5332 vini
2921 5258 2995 5331 in
3051 5257 3515 5354 sanguinem,
3574 5281 3797 5354 quam

897 5378 1441 5455 conversionem
1474 5378 1856 5455 Catholica
1899 5379 2237 5455 Ecclesia
2270 5379 3100 5455 transubstantiationem
3138 5379 3481 5479 appellat.
3522 5379 3805 5457 Fateor
