<?xml version="1.0" encoding="UTF-8"?>
<!DOCTYPE html PUBLIC "-//W3C//DTD XHTML 1.0 Transitional//EN"
    "http://www.w3.org/TR/xhtml1/DTD/xhtml1-transitional.dtd">
<html xmlns="http://www.w3.org/1999/xhtml" xml:lang="en" lang="en">
 <head>
  <title>
</title>
<meta http-equiv="Content-Type" content="text/html;charset=utf-8" />
  <meta name='ocr-system' content='tesseract 3.04.00' />
  <meta name='ocr-capabilities' content='ocr_page ocr_carea ocr_par ocr_line ocrx_word'/>
</head>
<body>
  <div class='ocr_page' id='page_1' title='image "./statutacapitula00nykogoog_0254.png"; bbox 0 0 4055 6364; ppageno 0'>
   <div class='ocr_carea' id='block_1_1' title="bbox 1431 715 1998 794">
    <p class='ocr_par' dir='ltr' id='par_1_1' title="bbox 1431 715 1998 794">
     <span class='ocr_line' id='line_1_1' title="bbox 1431 715 1998 794; baseline 0 0"><span class='ocrx_word' id='word_1_1' title='bbox 1431 715 1998 794; x_wconf 77' lang='lat'><strong>-231—</strong></span> 
     </span>
    </p>
   </div>
   <div class='ocr_carea' id='block_1_2' title="bbox 257 928 3161 1736">
    <p class='ocr_par' dir='ltr' id='par_1_2' title="bbox 257 928 3161 1736">
     <span class='ocr_line' id='line_1_2' title="bbox 260 928 3153 1026; baseline 0.001 -23"><span class='ocrx_word' id='word_1_2' title='bbox 260 929 354 1003; x_wconf 90' lang='lat' dir='ltr'><strong>de</strong></span> <span class='ocrx_word' id='word_1_3' title='bbox 411 937 657 1003; x_wconf 90' lang='lat' dir='ltr'><strong>mutuo</strong></span> <span class='ocrx_word' id='word_1_4' title='bbox 709 952 1016 1004; x_wconf 86' lang='lat' dir='ltr'><strong>assensu</strong></span> <span class='ocrx_word' id='word_1_5' title='bbox 1070 929 1608 1006; x_wconf 87' lang='lat' dir='ltr'><strong>concluserunt:</strong></span> <span class='ocrx_word' id='word_1_6' title='bbox 1669 937 1745 1003; x_wconf 91' lang='lat' dir='ltr'><strong>ut</strong></span> <span class='ocrx_word' id='word_1_7' title='bbox 1799 928 2063 1003; x_wconf 78' lang='lat' dir='ltr'><strong>abhinc</strong></span> <span class='ocrx_word' id='word_1_8' title='bbox 2117 929 2423 1026; x_wconf 87' lang='lat' dir='ltr'><strong>praefati</strong></span> <span class='ocrx_word' id='word_1_9' title='bbox 2480 929 2946 1006; x_wconf 85' lang='lat' dir='ltr'><strong>Perillustres</strong></span> <span class='ocrx_word' id='word_1_10' title='bbox 3004 933 3153 1006; x_wconf 90' lang='lat' dir='ltr'><strong>Do-</strong></span> 
     </span>
     <span class='ocr_line' id='line_1_3' title="bbox 259 1049 3154 1150; baseline 0.001 -27"><span class='ocrx_word' id='word_1_11' title='bbox 259 1051 443 1125; x_wconf 86' lang='lat' dir='ltr'><strong>mini</strong></span> <span class='ocrx_word' id='word_1_12' title='bbox 515 1050 1016 1126; x_wconf 85' lang='lat' dir='ltr'><strong>Oalculatores</strong></span> <span class='ocrx_word' id='word_1_13' title='bbox 1087 1051 1602 1146; x_wconf 82' lang='lat' dir='ltr'><strong>quinquaginta</strong></span> <span class='ocrx_word' id='word_1_14' title='bbox 1672 1049 1984 1124; x_wconf 84' lang='lat' dir='ltr'><strong>florenos</strong></span> <span class='ocrx_word' id='word_1_15' title='bbox 2060 1061 2131 1122; x_wconf 90' lang='lat' dir='ltr'><strong>et</strong></span> <span class='ocrx_word' id='word_1_16' title='bbox 2186 1072 2326 1124; x_wconf 90' lang='lat' dir='ltr'><strong>non</strong></span> <span class='ocrx_word' id='word_1_17' title='bbox 2382 1051 2545 1146; x_wconf 84' lang='lat' dir='ltr'><strong>plus</strong></span> <span class='ocrx_word' id='word_1_18' title='bbox 2602 1053 2873 1146; x_wconf 84' lang='lat' dir='ltr'><strong>singuli</strong></span> <span class='ocrx_word' id='word_1_19' title='bbox 2927 1053 3154 1150; x_wconf 88' lang='lat' dir='ltr'><strong>perci-</strong></span> 
     </span>
     <span class='ocr_line' id='line_1_4' title="bbox 258 1173 3156 1271; baseline 0 -24"><span class='ocrx_word' id='word_1_20' title='bbox 258 1175 488 1271; x_wconf 85' lang='lat' dir='ltr'><strong>piant,</strong></span> <span class='ocrx_word' id='word_1_21' title='bbox 546 1175 862 1270; x_wconf 89' lang='lat' dir='ltr'><strong>quinimo</strong></span> <span class='ocrx_word' id='word_1_22' title='bbox 917 1194 1049 1270; x_wconf 87' lang='lat' dir='ltr'><strong>pro</strong></span> <span class='ocrx_word' id='word_1_23' title='bbox 1103 1173 1380 1247; x_wconf 87' lang='lat' dir='ltr'><strong>ratione</strong></span> <span class='ocrx_word' id='word_1_24' title='bbox 1433 1173 1847 1266; x_wconf 77' lang='lat' dir='ltr'><strong>exiguitatis</strong></span> <span class='ocrx_word' id='word_1_25' title='bbox 1915 1179 2268 1246; x_wconf 81' lang='lat' dir='ltr'><strong>testarum</strong></span> <span class='ocrx_word' id='word_1_26' title='bbox 2324 1173 2537 1246; x_wconf 91' lang='lat' dir='ltr'><strong>etiam</strong></span> <span class='ocrx_word' id='word_1_27' title='bbox 2589 1174 2847 1248; x_wconf 86' lang='lat' dir='ltr'><strong>minori</strong></span> <span class='ocrx_word' id='word_1_28' title='bbox 2902 1196 3156 1248; x_wconf 87' lang='lat' dir='ltr'><strong>conso-</strong></span> 
     </span>
     <span class='ocr_line' id='line_1_5' title="bbox 259 1291 3156 1391; baseline 0 -23"><span class='ocrx_word' id='word_1_29' title='bbox 259 1295 531 1369; x_wconf 79' lang='lat' dir='ltr'><strong>latione</strong></span> <span class='ocrx_word' id='word_1_30' title='bbox 587 1296 731 1369; x_wconf 87' lang='lat' dir='ltr'><strong>sint</strong></span> <span class='ocrx_word' id='word_1_31' title='bbox 783 1295 1120 1386; x_wconf 85' lang='lat' dir='ltr'><strong>contenti,</strong></span> <span class='ocrx_word' id='word_1_32' title='bbox 1176 1301 1392 1391; x_wconf 88' lang='lat' dir='ltr'><strong>utque</strong></span> <span class='ocrx_word' id='word_1_33' title='bbox 1445 1293 2058 1368; x_wconf 87' lang='lat' dir='ltr'><strong>Reverendissimi</strong></span> <span class='ocrx_word' id='word_1_34' title='bbox 2114 1292 2408 1367; x_wconf 90' lang='lat' dir='ltr'><strong>Domini</strong></span> <span class='ocrx_word' id='word_1_35' title='bbox 2462 1291 2962 1370; x_wconf 88' lang='lat' dir='ltr'><strong>Oalculatores</strong></span> <span class='ocrx_word' id='word_1_36' title='bbox 3016 1318 3156 1369; x_wconf 91' lang='lat' dir='ltr'><strong>non</strong></span> 
     </span>
     <span class='ocr_line' id='line_1_6' title="bbox 257 1414 3159 1515; baseline 0 -24"><span class='ocrx_word' id='word_1_37' title='bbox 257 1417 482 1491; x_wconf 88' lang='lat' dir='ltr'><strong>iidem</strong></span> <span class='ocrx_word' id='word_1_38' title='bbox 537 1439 846 1514; x_wconf 85' lang='lat' dir='ltr'><strong>semper,</strong></span> <span class='ocrx_word' id='word_1_39' title='bbox 903 1417 1030 1491; x_wconf 89' lang='lat' dir='ltr'><strong>sed</strong></span> <span class='ocrx_word' id='word_1_40' title='bbox 1087 1441 1220 1515; x_wconf 90' lang='lat' dir='ltr'><strong>per</strong></span> <span class='ocrx_word' id='word_1_41' title='bbox 1273 1438 1724 1512; x_wconf 88' lang='lat' dir='ltr'><strong>consequens</strong></span> <span class='ocrx_word' id='word_1_42' title='bbox 1777 1439 1822 1488; x_wconf 86' lang='lat' dir='ltr'><strong>a</strong></span> <span class='ocrx_word' id='word_1_43' title='bbox 1872 1414 2284 1489; x_wconf 88' lang='lat' dir='ltr'><strong>Perillustri</strong></span> <span class='ocrx_word' id='word_1_44' title='bbox 2316 1416 2631 1490; x_wconf 91' lang='lat' dir='ltr'><strong>Domino</strong></span> <span class='ocrx_word' id='word_1_45' title='bbox 2686 1416 3159 1492; x_wconf 88' lang='lat' dir='ltr'><strong>Praesidente</strong></span> 
     </span>
     <span class='ocr_line' id='line_1_7' title="bbox 261 1535 3161 1638; baseline 0.001 -26"><span class='ocrx_word' id='word_1_46' title='bbox 261 1538 717 1636; x_wconf 85' lang='lat' dir='ltr'><strong>deputentur,</strong></span> <span class='ocrx_word' id='word_1_47' title='bbox 792 1537 1282 1631; x_wconf 87' lang='lat' dir='ltr'><strong>decreverunt,</strong></span> <span class='ocrx_word' id='word_1_48' title='bbox 1356 1559 1844 1638; x_wconf 88' lang='lat' dir='ltr'><strong>praeseusque</strong></span> <span class='ocrx_word' id='word_1_49' title='bbox 1916 1536 2304 1612; x_wconf 79' lang='lat' dir='ltr'><strong>Decretum</strong></span> <span class='ocrx_word' id='word_1_50' title='bbox 2376 1538 2521 1612; x_wconf 88' lang='lat' dir='ltr'><strong>vim</strong></span> <span class='ocrx_word' id='word_1_51' title='bbox 2578 1535 2839 1614; x_wconf 86' lang='lat' dir='ltr'><strong>Statuti</strong></span> <span class='ocrx_word' id='word_1_52' title='bbox 2890 1537 3161 1615; x_wconf 88' lang='lat' dir='ltr'><strong>habere</strong></span> 
     </span>
     <span class='ocr_line' id='line_1_8' title="bbox 257 1661 665 1736; baseline 0 -2"><span class='ocrx_word' id='word_1_53' title='bbox 257 1661 665 1736; x_wconf 81' lang='lat' dir='ltr'><strong>voluerunt.</strong></span> 
     </span>
    </p>
   </div>
   <div class='ocr_carea' id='block_1_3' title="bbox 1366 1989 2008 2091">
    <p class='ocr_par' dir='ltr' id='par_1_3' title="bbox 1366 1989 2008 2091">
     <span class='ocr_line' id='line_1_9' title="bbox 1366 1989 2008 2091; baseline -0.002 0"><span class='ocrx_word' id='word_1_54' title='bbox 1366 1989 2008 2091; x_wconf 88' lang='lat' dir='ltr'>CCLXXXIX.</span> 
     </span>
    </p>
   </div>
   <div class='ocr_carea' id='block_1_4' title="bbox 260 2196 3154 2544">
    <p class='ocr_par' dir='ltr' id='par_1_4' title="bbox 260 2196 3154 2544">
     <span class='ocr_line' id='line_1_10' title="bbox 260 2196 3149 2300; baseline 0.001 -23"><span class='ocrx_word' id='word_1_55' title='bbox 260 2197 668 2279; x_wconf 76' lang='lat' dir='ltr'><strong>Decretum</strong></span> <span class='ocrx_word' id='word_1_56' title='bbox 750 2197 888 2277; x_wconf 85' lang='lat' dir='ltr'><strong>vim</strong></span> <span class='ocrx_word' id='word_1_57' title='bbox 963 2196 1252 2279; x_wconf 78' lang='lat' dir='ltr'><strong>statuti</strong></span> <span class='ocrx_word' id='word_1_58' title='bbox 1313 2199 1643 2297; x_wconf 81' lang='lat' dir='ltr'><strong>habens,</strong></span> <span class='ocrx_word' id='word_1_59' title='bbox 1715 2200 1800 2280; x_wconf 89' lang='lat' dir='ltr'><strong>ut</strong></span> <span class='ocrx_word' id='word_1_60' title='bbox 1854 2199 2263 2300; x_wconf 86' lang='lat' dir='ltr'><strong>quicunque</strong></span> <span class='ocrx_word' id='word_1_61' title='bbox 2342 2199 3149 2282; x_wconf 76' lang='lat' dir='ltr'><strong>Reverendissimorum</strong></span> 
     </span>
     <span class='ocr_line' id='line_1_11' title="bbox 260 2320 3154 2404; baseline 0.001 -5"><span class='ocrx_word' id='word_1_62' title='bbox 260 2320 724 2402; x_wconf 77' lang='lat' dir='ltr'><strong>Dominarum</strong></span> <span class='ocrx_word' id='word_1_63' title='bbox 798 2320 1312 2401; x_wconf 80' lang='lat' dir='ltr'><strong>Praelatorum</strong></span> <span class='ocrx_word' id='word_1_64' title='bbox 1371 2323 1453 2402; x_wconf 87' lang='lat' dir='ltr'><strong>et</strong></span> <span class='ocrx_word' id='word_1_65' title='bbox 1507 2320 2038 2404; x_wconf 82' lang='lat' dir='ltr'><strong>canonicorum</strong></span> <span class='ocrx_word' id='word_1_66' title='bbox 2108 2321 2686 2403; x_wconf 80' lang='lat' dir='ltr'><strong>recollectiones</strong></span> <span class='ocrx_word' id='word_1_67' title='bbox 2743 2322 3154 2404; x_wconf 79' lang='lat' dir='ltr'><strong>absolvere</strong></span> 
     </span>
     <span class='ocr_line' id='line_1_12' title="bbox 458 2441 2971 2544; baseline -0.001 -20"><span class='ocrx_word' id='word_1_68' title='bbox 458 2441 796 2538; x_wconf 82' lang='lat' dir='ltr'><strong>voluerit,</strong></span> <span class='ocrx_word' id='word_1_69' title='bbox 855 2461 990 2542; x_wconf 82' lang='lat' dir='ltr'><strong>pro</strong></span> <span class='ocrx_word' id='word_1_70' title='bbox 1047 2443 1442 2542; x_wconf 75' lang='lat' dir='ltr'><strong>praesenti</strong></span> <span class='ocrx_word' id='word_1_71' title='bbox 1499 2443 1564 2522; x_wconf 89' lang='lat' dir='ltr'><strong>in</strong></span> <span class='ocrx_word' id='word_1_72' title='bbox 1623 2442 1969 2524; x_wconf 79' lang='lat' dir='ltr'><strong>Ecclesia</strong></span> <span class='ocrx_word' id='word_1_73' title='bbox 2024 2444 2447 2544; x_wconf 82' lang='lat' dir='ltr'><strong>reputetur.</strong></span> <span class='ocrx_word' id='word_1_74' title='bbox 2501 2442 2708 2525; x_wconf 72' lang='lat' dir='ltr'><strong>Anno</strong></span> <span class='ocrx_word' id='word_1_75' title='bbox 2766 2442 2971 2524; x_wconf 90' lang='grc'><strong>1733.</strong></span> 
     </span>
    </p>
   </div>
   <div class='ocr_carea' id='block_1_5' title="bbox 255 2648 3160 3965">
    <p class='ocr_par' dir='ltr' id='par_1_5' title="bbox 255 2648 3160 3965">
     <span class='ocr_line' id='line_1_13' title="bbox 476 2648 3159 2750; baseline 0 -25"><span class='ocrx_word' id='word_1_76' title='bbox 476 2649 656 2725; x_wconf 85' lang='lat' dir='ltr'><strong>Cum</strong></span> <span class='ocrx_word' id='word_1_77' title='bbox 711 2652 988 2726; x_wconf 87' lang='lat' dir='ltr'><strong>animus</strong></span> <span class='ocrx_word' id='word_1_78' title='bbox 1042 2674 1172 2748; x_wconf 86' lang='lat' dir='ltr'><strong>per</strong></span> <span class='ocrx_word' id='word_1_79' title='bbox 1227 2652 1893 2748; x_wconf 90' lang='lat' dir='ltr'><strong>contemplationem</strong></span> <span class='ocrx_word' id='word_1_80' title='bbox 1951 2648 2431 2749; x_wconf 85' lang='lat' dir='ltr'><strong>Supernorum</strong></span> <span class='ocrx_word' id='word_1_81' title='bbox 2484 2649 2992 2750; x_wconf 71' lang='lat' dir='ltr'><strong>spiritualibus</strong></span> <span class='ocrx_word' id='word_1_82' title='bbox 3045 2676 3159 2726; x_wconf 87' lang='lat' dir='ltr'><strong>re-</strong></span> 
     </span>
     <span class='ocr_line' id='line_1_14' title="bbox 255 2773 3160 2872; baseline 0 -26"><span class='ocrx_word' id='word_1_83' title='bbox 255 2773 522 2847; x_wconf 90' lang='lat' dir='ltr'><strong>ficitur:</strong></span> <span class='ocrx_word' id='word_1_84' title='bbox 607 2797 750 2848; x_wconf 87' lang='lat' dir='ltr'><strong>non</strong></span> <span class='ocrx_word' id='word_1_85' title='bbox 807 2775 1161 2865; x_wconf 85' lang='lat' dir='ltr'><strong>convenit,</strong></span> <span class='ocrx_word' id='word_1_86' title='bbox 1233 2781 1312 2846; x_wconf 89' lang='lat' dir='ltr'><strong>ut</strong></span> <span class='ocrx_word' id='word_1_87' title='bbox 1383 2795 1646 2868; x_wconf 88' lang='lat' dir='ltr'><strong>corpus</strong></span> <span class='ocrx_word' id='word_1_88' title='bbox 1699 2797 1744 2846; x_wconf 88' lang='lat' dir='ltr'><strong>a</strong></span> <span class='ocrx_word' id='word_1_89' title='bbox 1795 2774 2309 2869; x_wconf 78' lang='lat' dir='ltr'><strong>temporalibus</strong></span> <span class='ocrx_word' id='word_1_90' title='bbox 2388 2774 2674 2849; x_wconf 86' lang='lat' dir='ltr'><strong>ieiunet.</strong></span> <span class='ocrx_word' id='word_1_91' title='bbox 2766 2774 3160 2872; x_wconf 85' lang='lat' dir='ltr'><strong>Propterea</strong></span> 
     </span>
     <span class='ocr_line' id='line_1_15' title="bbox 257 2893 3159 2992; baseline 0 -25"><span class='ocrx_word' id='word_1_92' title='bbox 257 2894 733 2970; x_wconf 88' lang='lat' dir='ltr'><strong>Perillustres</strong></span> <span class='ocrx_word' id='word_1_93' title='bbox 787 2903 859 2968; x_wconf 92' lang='lat' dir='ltr'><strong>et</strong></span> <span class='ocrx_word' id='word_1_94' title='bbox 916 2893 1528 2968; x_wconf 88' lang='lat' dir='ltr'><strong>Reverendissimi</strong></span> <span class='ocrx_word' id='word_1_95' title='bbox 1584 2894 1874 2968; x_wconf 89' lang='lat' dir='ltr'><strong>Domini</strong></span> <span class='ocrx_word' id='word_1_96' title='bbox 1937 2893 2384 2992; x_wconf 77' lang='lat' dir='ltr'><strong>Capitulum,</strong></span> <span class='ocrx_word' id='word_1_97' title='bbox 2422 2896 2615 2970; x_wconf 87' lang='lat' dir='ltr'><strong>faeta</strong></span> <span class='ocrx_word' id='word_1_98' title='bbox 2671 2906 2911 2972; x_wconf 89' lang='lat' dir='ltr'><strong>mutua</strong></span> <span class='ocrx_word' id='word_1_99' title='bbox 2964 2897 3159 2969; x_wconf 90' lang='lat' dir='ltr'><strong>intra</strong></span> 
     </span>
     <span class='ocr_line' id='line_1_16' title="bbox 259 3015 3159 3106; baseline 0 -16"><span class='ocrx_word' id='word_1_100' title='bbox 259 3039 350 3090; x_wconf 88' lang='lat' dir='ltr'><strong>se</strong></span> <span class='ocrx_word' id='word_1_101' title='bbox 405 3017 948 3106; x_wconf 87' lang='lat' dir='ltr'><strong>consultatione,</strong></span> <span class='ocrx_word' id='word_1_102' title='bbox 1006 3015 1095 3089; x_wconf 90' lang='lat' dir='ltr'><strong>de</strong></span> <span class='ocrx_word' id='word_1_103' title='bbox 1149 3015 1462 3090; x_wconf 90' lang='lat' dir='ltr'><strong>unanimi</strong></span> <span class='ocrx_word' id='word_1_104' title='bbox 1527 3039 1744 3089; x_wconf 89' lang='lat' dir='ltr'><strong>sensu</strong></span> <span class='ocrx_word' id='word_1_105' title='bbox 1818 3016 2291 3092; x_wconf 87' lang='lat' dir='ltr'><strong>decreverunt</strong></span> <span class='ocrx_word' id='word_1_106' title='bbox 2364 3026 2435 3091; x_wconf 90' lang='lat' dir='ltr'><strong>et</strong></span> <span class='ocrx_word' id='word_1_107' title='bbox 2487 3019 2939 3094; x_wconf 88' lang='lat' dir='ltr'><strong>decernendo</strong></span> <span class='ocrx_word' id='word_1_108' title='bbox 3018 3025 3159 3092; x_wconf 86' lang='lat' dir='ltr'><strong>sta-</strong></span> 
     </span>
     <span class='ocr_line' id='line_1_17' title="bbox 257 3136 3150 3235; baseline 0 -22"><span class='ocrx_word' id='word_1_109' title='bbox 257 3145 594 3213; x_wconf 86' lang='lat' dir='ltr'><strong>tuerunt:</strong></span> <span class='ocrx_word' id='word_1_110' title='bbox 651 3147 730 3213; x_wconf 91' lang='lat' dir='ltr'><strong>ut</strong></span> <span class='ocrx_word' id='word_1_111' title='bbox 784 3139 1184 3235; x_wconf 90' lang='lat' dir='ltr'><strong>quicunque</strong></span> <span class='ocrx_word' id='word_1_112' title='bbox 1256 3136 2040 3213; x_wconf 87' lang='lat' dir='ltr'><strong>Reverendissimorum</strong></span> <span class='ocrx_word' id='word_1_113' title='bbox 2117 3140 2582 3214; x_wconf 72' lang='lat' dir='ltr'><strong>Domitiorum</strong></span> <span class='ocrx_word' id='word_1_114' title='bbox 2660 3141 3150 3216; x_wconf 78' lang='lat' dir='ltr'><strong>praelatorum</strong></span> 
     </span>
     <span class='ocr_line' id='line_1_18' title="bbox 259 3259 3153 3358; baseline 0 -24"><span class='ocrx_word' id='word_1_115' title='bbox 259 3268 342 3334; x_wconf 89' lang='lat' dir='ltr'><strong>et</strong></span> <span class='ocrx_word' id='word_1_116' title='bbox 393 3259 956 3354; x_wconf 73' lang='lat' dir='ltr'><strong>canonicorum,</strong></span> <span class='ocrx_word' id='word_1_117' title='bbox 1029 3261 1578 3335; x_wconf 85' lang='lat' dir='ltr'><strong>recollectiones</strong></span> <span class='ocrx_word' id='word_1_118' title='bbox 1655 3261 1952 3358; x_wconf 88' lang='lat' dir='ltr'><strong>spiritus</strong></span> <span class='ocrx_word' id='word_1_119' title='bbox 2015 3262 2255 3336; x_wconf 89' lang='lat' dir='ltr'><strong>studio</strong></span> <span class='ocrx_word' id='word_1_120' title='bbox 2327 3262 2729 3337; x_wconf 88' lang='lat' dir='ltr'><strong>devotionis</strong></span> <span class='ocrx_word' id='word_1_121' title='bbox 2783 3264 2857 3336; x_wconf 94' lang='lat' dir='ltr'><strong>in</strong></span> <span class='ocrx_word' id='word_1_122' title='bbox 2912 3262 3153 3357; x_wconf 89' lang='lat' dir='ltr'><strong>aliquo</strong></span> 
     </span>
     <span class='ocr_line' id='line_1_19' title="bbox 257 3378 3152 3477; baseline 0 -22"><span class='ocrx_word' id='word_1_123' title='bbox 257 3381 712 3458; x_wconf 85' lang='lat' dir='ltr'><strong>Monasterio</strong></span> <span class='ocrx_word' id='word_1_124' title='bbox 789 3382 1256 3477; x_wconf 84' lang='lat' dir='ltr'><strong>Regularium</strong></span> <span class='ocrx_word' id='word_1_125' title='bbox 1331 3382 1488 3455; x_wconf 82' lang='lat' dir='ltr'><strong>sive</strong></span> <span class='ocrx_word' id='word_1_126' title='bbox 1559 3378 2145 3477; x_wconf 81' lang='lat' dir='ltr'><strong>Congregatione</strong></span> <span class='ocrx_word' id='word_1_127' title='bbox 2209 3384 2395 3457; x_wconf 87' lang='lat' dir='ltr'><strong>intra</strong></span> <span class='ocrx_word' id='word_1_128' title='bbox 2464 3384 2585 3458; x_wconf 87' lang='lat' dir='ltr'><strong>vel</strong></span> <span class='ocrx_word' id='word_1_129' title='bbox 2640 3385 2833 3457; x_wconf 88' lang='lat' dir='ltr'><strong>circa</strong></span> <span class='ocrx_word' id='word_1_130' title='bbox 2887 3381 3152 3457; x_wconf 86' lang='lat' dir='ltr'><strong>Craco-</strong></span> 
     </span>
     <span class='ocr_line' id='line_1_20' title="bbox 257 3501 3150 3599; baseline -0 -22"><span class='ocrx_word' id='word_1_131' title='bbox 257 3504 462 3578; x_wconf 84' lang='lat' dir='ltr'><strong>viam</strong></span> <span class='ocrx_word' id='word_1_132' title='bbox 534 3504 757 3578; x_wconf 89' lang='lat' dir='ltr'><strong>semel</strong></span> <span class='ocrx_word' id='word_1_133' title='bbox 826 3504 902 3576; x_wconf 91' lang='lat' dir='ltr'><strong>in</strong></span> <span class='ocrx_word' id='word_1_134' title='bbox 970 3526 1181 3595; x_wconf 84' lang='lat' dir='ltr'><strong>aune,</strong></span> <span class='ocrx_word' id='word_1_135' title='bbox 1259 3526 1399 3577; x_wconf 89' lang='lat' dir='ltr'><strong>non</strong></span> <span class='ocrx_word' id='word_1_136' title='bbox 1444 3504 1706 3577; x_wconf 84' lang='lat' dir='ltr'><strong>&#39;tamen</strong></span> <span class='ocrx_word' id='word_1_137' title='bbox 1756 3503 1940 3599; x_wconf 90' lang='lat' dir='ltr'><strong>plus,</strong></span> <span class='ocrx_word' id='word_1_138' title='bbox 2020 3501 2309 3579; x_wconf 87' lang='lat' dir='ltr'><strong>octiduo</strong></span> <span class='ocrx_word' id='word_1_139' title='bbox 2375 3504 2757 3579; x_wconf 87' lang='lat' dir='ltr'><strong>absolvere</strong></span> <span class='ocrx_word' id='word_1_140' title='bbox 2820 3504 3150 3586; x_wconf 85' lang='lat' dir='ltr'><strong>voluerit,</strong></span> 
     </span>
     <span class='ocr_line' id='line_1_21' title="bbox 257 3624 3159 3722; baseline 0 -23"><span class='ocrx_word' id='word_1_141' title='bbox 257 3626 438 3699; x_wconf 81' lang='lat' dir='ltr'><strong>talis</strong></span> <span class='ocrx_word' id='word_1_142' title='bbox 510 3648 640 3722; x_wconf 90' lang='lat' dir='ltr'><strong>pro</strong></span> <span class='ocrx_word' id='word_1_143' title='bbox 694 3627 1058 3722; x_wconf 85' lang='lat' dir='ltr'><strong>praesenti</strong></span> <span class='ocrx_word' id='word_1_144' title='bbox 1126 3627 1200 3698; x_wconf 90' lang='lat' dir='ltr'><strong>in</strong></span> <span class='ocrx_word' id='word_1_145' title='bbox 1259 3624 1592 3698; x_wconf 85' lang='lat' dir='ltr'><strong>Ecclesia</strong></span> <span class='ocrx_word' id='word_1_146' title='bbox 1662 3626 2020 3721; x_wconf 89' lang='lat' dir='ltr'><strong>reputari,</strong></span> <span class='ocrx_word' id='word_1_147' title='bbox 2079 3633 2151 3699; x_wconf 90' lang='lat' dir='ltr'><strong>et</strong></span> <span class='ocrx_word' id='word_1_148' title='bbox 2204 3625 2534 3700; x_wconf 90' lang='lat' dir='ltr'><strong>omuibus</strong></span> <span class='ocrx_word' id='word_1_149' title='bbox 2606 3624 3159 3700; x_wconf 84' lang='lat' dir='ltr'><strong>obventionibus</strong></span> 
     </span>
     <span class='ocr_line' id='line_1_22' title="bbox 257 3745 3153 3843; baseline -0.001 -23"><span class='ocrx_word' id='word_1_150' title='bbox 257 3746 398 3820; x_wconf 83' lang='lat' dir='ltr'><strong>illo</strong></span> <span class='ocrx_word' id='word_1_151' title='bbox 451 3746 833 3821; x_wconf 85' lang='lat' dir='ltr'><strong>interstitio</strong></span> <span class='ocrx_word' id='word_1_152' title='bbox 887 3748 1425 3821; x_wconf 88' lang='lat' dir='ltr'><strong>occurrentibus</strong></span> <span class='ocrx_word' id='word_1_153' title='bbox 1495 3746 1813 3840; x_wconf 82' lang='lat' dir='ltr'><strong>gaudere</strong></span> <span class='ocrx_word' id='word_1_154' title='bbox 1887 3745 2215 3839; x_wconf 87' lang='lat' dir='ltr'><strong>debebit,</strong></span> <span class='ocrx_word' id='word_1_155' title='bbox 2293 3747 2484 3843; x_wconf 89' lang='lat' dir='ltr'><strong>quod</strong></span> <span class='ocrx_word' id='word_1_156' title='bbox 2557 3746 2944 3820; x_wconf 89' lang='lat' dir='ltr'><strong>Decretum</strong></span> <span class='ocrx_word' id='word_1_157' title='bbox 3011 3746 3153 3818; x_wconf 91' lang='lat' dir='ltr'><strong>vim</strong></span> 
     </span>
     <span class='ocr_line' id='line_1_23' title="bbox 261 3866 2198 3965; baseline -0.002 -22"><span class='ocrx_word' id='word_1_158' title='bbox 261 3866 534 3943; x_wconf 86' lang='lat' dir='ltr'><strong>Statuti</strong></span> <span class='ocrx_word' id='word_1_159' title='bbox 586 3876 934 3965; x_wconf 91' lang='lat' dir='ltr'><strong>perpetuo</strong></span> <span class='ocrx_word' id='word_1_160' title='bbox 987 3867 1420 3942; x_wconf 88' lang='lat' dir='ltr'><strong>observandi</strong></span> <span class='ocrx_word' id='word_1_161' title='bbox 1474 3867 1744 3943; x_wconf 87' lang='lat' dir='ltr'><strong>habere</strong></span> <span class='ocrx_word' id='word_1_162' title='bbox 1796 3868 2198 3942; x_wconf 86' lang='lat' dir='ltr'><strong>voluerunt.</strong></span> 
     </span>
    </p>
   </div>
   <div class='ocr_carea' id='block_1_6' title="bbox 1530 4180 1836 4281">
    <p class='ocr_par' dir='ltr' id='par_1_6' title="bbox 1530 4180 1836 4281">
     <span class='ocr_line' id='line_1_24' title="bbox 1530 4180 1836 4281; baseline 0 0"><span class='ocrx_word' id='word_1_163' title='bbox 1530 4180 1836 4281; x_wconf 89' lang='lat' dir='ltr'><strong>CCXC.</strong></span> 
     </span>
    </p>
   </div>
   <div class='ocr_carea' id='block_1_7' title="bbox 383 4372 3049 4715">
    <p class='ocr_par' dir='ltr' id='par_1_7' title="bbox 383 4372 3049 4715">
     <span class='ocr_line' id='line_1_25' title="bbox 383 4372 3049 4489; baseline 0 -20"><span class='ocrx_word' id='word_1_164' title='bbox 383 4390 780 4471; x_wconf 79' lang='lat' dir='ltr'><strong>Decretum</strong></span> <span class='ocrx_word' id='word_1_165' title='bbox 839 4408 1072 4489; x_wconf 76' lang='lat' dir='ltr'><strong>super</strong></span> <span class='ocrx_word' id='word_1_166' title='bbox 1128 4372 1614 4471; x_wconf 78' lang='lat' dir='ltr'><strong>absolvendis</strong></span> <span class='ocrx_word' id='word_1_167' title='bbox 1664 4388 1917 4471; x_wconf 75' lang='lat' dir='ltr'><strong>Missis</strong></span> <span class='ocrx_word' id='word_1_168' title='bbox 1972 4388 2244 4470; x_wconf 85' lang='lat' dir='ltr'><strong>votivis</strong></span> <span class='ocrx_word' id='word_1_169' title='bbox 2301 4386 2394 4468; x_wconf 84' lang='lat' dir='ltr'><strong>de</strong></span> <span class='ocrx_word' id='word_1_170' title='bbox 2433 4387 2706 4488; x_wconf 82' lang='lat' dir='ltr'><strong>Spiritu</strong></span> <span class='ocrx_word' id='word_1_171' title='bbox 2765 4386 3049 4469; x_wconf 84' lang='lat' dir='ltr'><strong>Sancto</strong></span> 
     </span>
     <span class='ocr_line' id='line_1_26' title="bbox 481 4508 2943 4612; baseline 0 -22"><span class='ocrx_word' id='word_1_172' title='bbox 481 4514 660 4593; x_wconf 90' lang='lat' dir='ltr'><strong>ante</strong></span> <span class='ocrx_word' id='word_1_173' title='bbox 712 4512 1250 4595; x_wconf 81' lang='lat' dir='ltr'><strong>inchoationem</strong></span> <span class='ocrx_word' id='word_1_174' title='bbox 1289 4510 1667 4612; x_wconf 73' lang='lat' dir='ltr'><strong>ueneraiis</strong></span> <span class='ocrx_word' id='word_1_175' title='bbox 1723 4509 2054 4611; x_wconf 80' lang='lat' dir='ltr'><strong>capituli,</strong></span> <span class='ocrx_word' id='word_1_176' title='bbox 2111 4512 2250 4591; x_wconf 85' lang='lat' dir='ltr'><strong>vim</strong></span> <span class='ocrx_word' id='word_1_177' title='bbox 2288 4508 2574 4593; x_wconf 79' lang='lat' dir='ltr'><strong>statuti</strong></span> <span class='ocrx_word' id='word_1_178' title='bbox 2631 4508 2943 4591; x_wconf 82' lang='lat' dir='ltr'><strong>habens.</strong></span> 
     </span>
     <span class='ocr_line' id='line_1_27' title="bbox 1187 4631 2236 4715; baseline -0.001 -2"><span class='ocrx_word' id='word_1_179' title='bbox 1187 4632 1393 4713; x_wconf 72' lang='lat' dir='ltr'><strong>Anne</strong></span> <span class='ocrx_word' id='word_1_180' title='bbox 1451 4632 1634 4715; x_wconf 90' lang='grc'><strong>1733</strong></span> <span class='ocrx_word' id='word_1_181' title='bbox 1689 4631 1806 4713; x_wconf 84' lang='lat' dir='ltr'><strong>die</strong></span> <span class='ocrx_word' id='word_1_182' title='bbox 1861 4633 1912 4712; x_wconf 90' lang='grc'><strong>2</strong></span> <span class='ocrx_word' id='word_1_183' title='bbox 1970 4632 2236 4713; x_wconf 74' lang='lat' dir='ltr'><strong>Martii.</strong></span> 
     </span>
    </p>
   </div>
   <div class='ocr_carea' id='block_1_8' title="bbox 267 4839 3157 5306">
    <p class='ocr_par' dir='ltr' id='par_1_8' title="bbox 267 4839 3157 5306">
     <span class='ocr_line' id='line_1_28' title="bbox 482 4839 3157 4939; baseline 0 -24"><span class='ocrx_word' id='word_1_184' title='bbox 482 4842 832 4932; x_wconf 87' lang='lat' dir='ltr'><strong>Quoniam</strong></span> <span class='ocrx_word' id='word_1_185' title='bbox 888 4843 959 4917; x_wconf 92' lang='lat' dir='ltr'><strong>in</strong></span> <span class='ocrx_word' id='word_1_186' title='bbox 1017 4842 1395 4937; x_wconf 74' lang='lat' dir='ltr'><strong>Ecclesii8‚</strong></span> <span class='ocrx_word' id='word_1_187' title='bbox 1452 4850 1594 4917; x_wconf 89' lang='lat' dir='ltr'><strong>tam</strong></span> <span class='ocrx_word' id='word_1_188' title='bbox 1648 4841 2206 4939; x_wconf 85' lang='lat' dir='ltr'><strong>Metropolitana</strong></span> <span class='ocrx_word' id='word_1_189' title='bbox 2240 4839 2681 4932; x_wconf 79' lang='lat' dir='ltr'><strong>Gruesnensi,</strong></span> <span class='ocrx_word' id='word_1_190' title='bbox 2741 4864 2950 4938; x_wconf 89' lang='lat' dir='ltr'><strong>quam</strong></span> <span class='ocrx_word' id='word_1_191' title='bbox 2989 4842 3157 4916; x_wconf 90' lang='lat' dir='ltr'><strong>aliis</strong></span> 
     </span>
     <span class='ocr_line' id='line_1_29' title="bbox 269 4959 3156 5061; baseline -0.001 -21"><span class='ocrx_word' id='word_1_192' title='bbox 269 4964 850 5053; x_wconf 87' lang='lat' dir='ltr'><strong>Cathedralibus,</strong></span> <span class='ocrx_word' id='word_1_193' title='bbox 908 4961 1243 5061; x_wconf 82' lang='lat' dir='ltr'><strong>Capitula</strong></span> <span class='ocrx_word' id='word_1_194' title='bbox 1293 4964 1665 5058; x_wconf 85' lang='lat' dir='ltr'><strong>generalia</strong></span> <span class='ocrx_word' id='word_1_195' title='bbox 1717 4989 1762 5038; x_wconf 86' lang='lat' dir='ltr'><strong>a</strong></span> <span class='ocrx_word' id='word_1_196' title='bbox 1814 4964 2049 5038; x_wconf 89' lang='lat' dir='ltr'><strong>Missa</strong></span> <span class='ocrx_word' id='word_1_197' title='bbox 2101 4964 2344 5037; x_wconf 85' lang='lat' dir='ltr'><strong>votiva</strong></span> <span class='ocrx_word' id='word_1_198' title='bbox 2399 4962 2487 5036; x_wconf 89' lang='lat' dir='ltr'><strong>de</strong></span> <span class='ocrx_word' id='word_1_199' title='bbox 2528 4960 2835 5059; x_wconf 84' lang='lat' dir='ltr'><strong>Spriritu</strong></span> <span class='ocrx_word' id='word_1_200' title='bbox 2889 4959 3156 5036; x_wconf 84' lang='lat' dir='ltr'><strong>Sancto</strong></span> 
     </span>
     <span class='ocr_line' id='line_1_30' title="bbox 269 5082 3153 5184; baseline -0.002 -22"><span class='ocrx_word' id='word_1_201' title='bbox 269 5087 640 5163; x_wconf 89' lang='lat' dir='ltr'><strong>celebrata</strong></span> <span class='ocrx_word' id='word_1_202' title='bbox 689 5086 1015 5161; x_wconf 90' lang='lat' dir='ltr'><strong>inchoari</strong></span> <span class='ocrx_word' id='word_1_203' title='bbox 1088 5094 1631 5178; x_wconf 86' lang='lat' dir='ltr'><strong>consueverunt,</strong></span> <span class='ocrx_word' id='word_1_204' title='bbox 1706 5086 1978 5184; x_wconf 89' lang='lat' dir='ltr'><strong>placuit</strong></span> <span class='ocrx_word' id='word_1_205' title='bbox 2032 5086 2245 5159; x_wconf 86' lang='lat' dir='ltr'><strong>etiam</strong></span> <span class='ocrx_word' id='word_1_206' title='bbox 2296 5082 2949 5159; x_wconf 84' lang='lat' dir='ltr'><strong>Reverendissimis</strong></span> <span class='ocrx_word' id='word_1_207' title='bbox 3003 5084 3153 5157; x_wconf 91' lang='lat' dir='ltr'><strong>Do-</strong></span> 
     </span>
     <span class='ocr_line' id='line_1_31' title="bbox 267 5204 3151 5306; baseline -0.001 -25"><span class='ocrx_word' id='word_1_208' title='bbox 267 5210 487 5283; x_wconf 85' lang='lat' dir='ltr'><strong>minis</strong></span> <span class='ocrx_word' id='word_1_209' title='bbox 537 5206 613 5281; x_wconf 92' lang='lat' dir='ltr'><strong>id</strong></span> <span class='ocrx_word' id='word_1_210' title='bbox 664 5208 900 5306; x_wconf 90' lang='lat' dir='ltr'><strong>ipsum</strong></span> <span class='ocrx_word' id='word_1_211' title='bbox 956 5215 1198 5282; x_wconf 91' lang='lat' dir='ltr'><strong>mutuo</strong></span> <span class='ocrx_word' id='word_1_212' title='bbox 1253 5230 1477 5283; x_wconf 89' lang='lat' dir='ltr'><strong>sensu</strong></span> <span class='ocrx_word' id='word_1_213' title='bbox 1533 5207 2148 5282; x_wconf 89' lang='lat' dir='ltr'><strong>concludentibus:</strong></span> <span class='ocrx_word' id='word_1_214' title='bbox 2208 5215 2557 5303; x_wconf 88' lang='lat' dir='ltr'><strong>quatenus</strong></span> <span class='ocrx_word' id='word_1_215' title='bbox 2611 5206 2806 5279; x_wconf 91' lang='lat' dir='ltr'><strong>circa</strong></span> <span class='ocrx_word' id='word_1_216' title='bbox 2857 5204 3151 5279; x_wconf 88' lang='lat' dir='ltr'><strong>inchoa-</strong></span> 
     </span>
    </p>
   </div>
   <div class='ocr_carea' id='block_1_9' title="bbox 269 5326 3151 5429">
    <p class='ocr_par' dir='ltr' id='par_1_9' title="bbox 269 5326 3151 5429">
     <span class='ocr_line' id='line_1_32' title="bbox 269 5326 3151 5429; baseline -0.002 -24"><span class='ocrx_word' id='word_1_217' title='bbox 269 5332 536 5407; x_wconf 89' lang='lat' dir='ltr'><strong>tionem</strong></span> <span class='ocrx_word' id='word_1_218' title='bbox 607 5331 1051 5426; x_wconf 82' lang='lat' dir='ltr'><strong>generalium</strong></span> <span class='ocrx_word' id='word_1_219' title='bbox 1106 5329 1624 5429; x_wconf 86' lang='lat' dir='ltr'><strong>Capitulorum‚</strong></span> <span class='ocrx_word' id='word_1_220' title='bbox 1691 5330 1854 5405; x_wconf 91' lang='lat' dir='ltr'><strong>loco</strong></span> <span class='ocrx_word' id='word_1_221' title='bbox 1927 5329 2199 5403; x_wconf 86' lang='lat' dir='ltr'><strong>Missae</strong></span> <span class='ocrx_word' id='word_1_222' title='bbox 2273 5329 2556 5403; x_wconf 87' lang='lat' dir='ltr'><strong>votivae</strong></span> <span class='ocrx_word' id='word_1_223' title='bbox 2620 5348 2751 5425; x_wconf 92' lang='lat' dir='ltr'><strong>pro</strong></span> <span class='ocrx_word' id='word_1_224' title='bbox 2806 5326 3151 5422; x_wconf 86' lang='lat' dir='ltr'><strong>peccatis,</strong></span> 
     </span>
    </p>
   </div>
  </div>
 </body>
</html>
