4055 6364
1472 737 2041 814 -219—

295 947 776 1024 Pentecostes
797 1003 816 1040 ,
874 969 1060 1044 quae
1113 953 1386 1022 tantum
1459 947 1839 1023 actualiter
1907 944 2503 1022 interessentibus
2576 943 2867 1020 Divinis
2938 941 3210 1019 debent

293 1070 635 1144 conferri.

1578 1378 2041 1482 CCLXXI.

405 1588 508 1669 ne
565 1587 834 1672 nassa
888 1590 1278 1671 extremae
1335 1588 1840 1670 necessitatis
1896 1587 2125 1668 latum
2186 1585 2583 1668 Decretum
2642 1584 2709 1666 in
2762 1583 3099 1684 uenerati

925 1709 1284 1812 capitulo,
1339 1709 1548 1791 Anno
1607 1709 1786 1790 1727
1841 1708 1960 1789 die
2017 1707 2127 1789 23
2182 1706 2553 1788 octobris.

506 1919 846 2018 Expositi
899 1919 1124 1994 variis
1178 1927 1574 2015 temporum
1633 1925 1705 1991 et
1755 1917 2282 1991 revolutionum
2336 1914 2781 2012 publicarum
2837 1913 3203 2011 procellis,

295 2043 746 2140 providendo
801 2041 1246 2116 indemnitati
1307 2050 1377 2114 et
1431 2047 1794 2114 extremae
1870 2038 2288 2112 necessitati
2335 2046 2477 2110 tam
2530 2036 2913 2111 Ecclesiae
2964 2035 3203 2143 huius,

291 2187 508 2262 quam
565 2173 635 2239 et
686 2167 1039 2240 bonorum
1095 2163 1399 2238 Mensae
1454 2169 1774 2255 nostrae,
1843 2157 2245 2259 praecipue}
2302 2159 2753 2233 inimicorum
2804 2158 3207 2232 hostilitate

295 2285 521 2388 (quod
589 2285 796 2361 Deus
862 2284 1171 2386 avertat)
1250 2284 1690 2377 causandae,
1750 2281 2367 2379 pernecessariam
2424 2303 2587 2354 esse
2662 2279 2994 2353 duximus
3049 2302 3203 2354 ere-

293 2408 604 2482 ctionem
679 2407 974 2483 Massae
1046 2408 1238 2482 fixae
1305 2414 1376 2480 et
1431 2404 1938 2503 permanentis,
1994 2402 2089 2477 ad
2146 2426 2357 2498 quam
2412 2403 2485 2475 in
2544 2424 2719 2474 casu
2772 2399 3198 2492 inevitabili,

289 2540 633 2628 tanquam
688 2531 782 2604 ad
829 2530 1213 2624 suffugium
1270 2528 1635 2625 publicum
1695 2549 1824 2624 pro
1880 2524 2208 2600 subsidio
2262 2546 2633 2598 recurrere
2687 2522 3074 2619 possimus.
3114 2522 3201 2595 In

291 2652 660 2751 praesenti
711 2651 1039 2746 generali
1077 2649 1436 2747 CapituIO,
1497 2649 1898 2746 praemissa
1953 2654 2231 2720 matura
2278 2645 2823 2736 deliberatione,
2883 2643 3202 2718 unanimi

291 2781 368 2848 et
419 2774 636 2871 pleno
691 2795 1071 2864 consensu,
1131 2795 1260 2868 per
1297 2772 1686 2844 Decretum
1742 2791 2113 2866 praesens,
2165 2769 2308 2841 vim
2348 2765 2609 2840 Statuti
2661 2767 2965 2858 habens,
3023 2788 3196 2839 con-

293 2895 689 2970 stituimus:
766 2903 1119 2990 quatenus
1173 2894 1368 2966 circa
1421 2893 1906 2989 receptionem
1963 2899 2037 2964 et
2086 2890 2615 2964 installati0nes
2670 2911 2863 2982 suas,
2919 2887 3204 2962 noviter

295 3016 392 3092 ad
463 3017 812 3110 gremium
885 3023 1204 3090 nostrum
1290 3015 1690 3111 capitulare
1774 3013 2241 3087 Perillustres
2322 3011 2641 3085 Praelati
2714 3017 2786 3084 et
2849 3009 3201 3085 Canonici

291 3139 748 3231 accedentes,
805 3139 994 3213 ultra
1048 3145 1336 3235 quotam
1393 3135 2124 3231 Quadringentorum⁸
2154 3132 2610 3229 florenorum,
2682 3156 2813 3230 per
2884 3133 3203 3207 Decreta

292 3270 370 3336 et
433 3258 713 3336 Statuta
779 3261 1206 3359 capitularia
1277 3260 1639 3334 anteriora
1711 3258 2208 3350 constitutam,
2282 3256 2489 3330 titulo
2566 3254 2996 3352 Cappalium
3069 3276 3202 3350 pro

289 3382 652 3457 Ministris
725 3383 1106 3457 Ecclesiae
1185 3382 1400 3458 huius
1473 3380 2012 3472 exsolvendam,
2090 3386 2163 3452 et
2232 3403 2363 3476 per
2416 3377 2793 3452 Notarium
2875 3383 3199 3450 nostrum
3284 3439 3294 3447 .

291 3504 761 3601 capitularem
839 3503 1440 3600 dispartiendam,
1517 3502 1776 3577 similis
1850 3509 2071 3598 quota
2126 3500 2831 3595 Quadringentorum
2884 3497 3197 3572 floreno-

289 3649 450 3699 rum
515 3625 610 3699 ad
664 3624 987 3699 Massam
1057 3625 1274 3699 fixam
1339 3624 1658 3721 Capituli
1731 3624 1994 3716 nostri,
2071 3624 2279 3718 quasi
2354 3623 2589 3696 omnis
2644 3622 2812 3694 mali
2866 3618 3197 3717 praeser-

291 3748 635 3841 vativam,
691 3755 1078 3845 reponatur
1130 3746 1226 3820 ad
1279 3770 1535 3821 manus
1600 3745 2053 3819 Perillustris
2108 3752 2179 3818 et
2228 3742 2847 3819 Reverendissimi
2900 3739 3198 3817 Domini

293 3868 799 3942 Procurator-is
853 3868 1081 3943 nostri
1137 3869 1555 3965 capitularis
1611 3891 1742 3966 per
1796 3866 2077 3940 noviter
2122 3866 2602 3940 accedentes:
2661 3865 2783 3960 qui
2817 3863 2958 3937 nisi
2997 3864 3196 3959 quie·

292 3989 604 4063 tationes
657 4012 747 4063 ex
785 3991 990 4064 totali
1045 4014 1320 4066 summa
1375 3988 1967 4083 Octingentorum
2013 3988 2446 4063 florenorum
2496 3984 2982 4083 produxerint,
3038 3984 3195 4057 nul·

289 4110 578 4185 latenus
631 4109 724 4186 ad
775 4113 1124 4207 gremium
1189 4118 1509 4186 nostrum
1577 4120 1650 4185 et
1698 4110 2281 4201 installationem,
2337 4109 2627 4182 minime
2680 4106 2969 4203 attentis
3025 4105 3187 4202 qui-

287 4233 715 4330 buscunque
786 4235 1170 4327 instantiis,
1248 4234 1508 4329 quibus
1581 4242 1653 4307 et
1705 4232 1865 4307 Nos
1918 4233 2061 4329 ipsi
2131 4230 2487 4305 faciendis
2538 4228 3051 4319 renuntiamus,
3128 4235 3201 4302 et

287 4356 747 4453 respectibus
814 4379 1305 4454 personarum,
1353 4354 1630 4430 admitti
1685 4352 2016 4447 debeant,
2077 4378 2166 4428 ex
2222 4376 2309 4427 eo
2363 4352 2553 4449 quod
2610 4375 2741 4449 per
2790 4351 2964 4426 illos
3016 4350 3198 4425 haec

293 4484 558 4573 quotae
630 4477 900 4551 oblatio
952 4477 1028 4551 in
1080 4475 1555 4550 arrhabonem
1630 4475 1896 4550 amoris
1965 4482 2039 4549 et
2090 4475 2655 4571 recognitionem
2730 4470 3198 4548 subiectionis

292 4621 494 4692 suae,
551 4598 719 4673 huic
771 4598 1153 4675 Ecclesiae
1221 4605 1558 4695 tanquam
1633 4620 1947 4697 sponsae
2016 4598 2377 4672 offeratur.
2466 4593 2585 4669 Ad
2640 4617 2853 4690 quam
2908 4592 3196 4688 quidem

291 4720 618 4794 Massam
674 4720 1110 4814 erigendam,
1168 4743 1310 4795 non
1366 4721 1596 4795 solum
1671 4720 2103 4795 accedentes
2176 4718 2598 4793 Confratres
2673 4715 2766 4790 ad
2838 4714 3196 4808 gremium

291 4849 651 4943 nostrum,
728 4840 857 4916 sed
931 4842 1140 4916 etiam
1215 4840 1649 4916 decedentes
1715 4865 1756 4915 e
1811 4842 1998 4915 vivis
2054 4841 2249 4915 circa
2306 4838 2869 4939 approbationes
2932 4836 3194 4912 Testa-

289 4970 713 5057 mentorum,
769 4988 900 5062 per
949 4963 1264 5039 florenos
1319 4962 1624 5037 Centum
1663 4963 2115 5039 contribuent
2168 4971 2239 5037 et
2289 4963 2774 5061 importabunt
2824 4959 3194 5035 Reveren-

291 5085 579 5161 dissimi
632 5086 925 5161 Domini
977 5086 1426 5163 Executores
1481 5083 1834 5159 dictorum
1887 5083 2517 5160 Testamentorum
2553 5083 2771 5179 idque
2806 5081 3191 5157 irremissi-

291 5209 559 5285 biliter.
635 5207 849 5299 Quod
903 5209 969 5283 si
1022 5208 1408 5307 aliquando
1479 5205 1863 5301 contigerit
1931 5206 2245 5303 aliquem
2298 5230 2407 5307 ,ex
2480 5204 2985 5281 Confratribus
3063 5226 3191 5277 no·

294 5334 493 5429 stris,
549 5340 692 5407 tam
742 5332 1119 5428 Praelatis,
1169 5356 1378 5429 quam
1425 5330 1837 5423 Canonicis,
1885 5330 2297 5405 intestatum
2336 5326 2725 5404 decedere:
2785 5348 2877 5400 ex
2932 5326 3191 5401 dereli-
