4055 6364
1230 2327 2200 2454 INTRODUCTIO

570 2589 956 2694 Now
1034 2587 1778 2702 PRAELATI
1844 2591 2026 2692 ET
2097 2587 2870 2698 CANONICI.

786 3049 869 3133 V.
949 3050 1401 3126 Adiutorium
1456 3059 1775 3126 nostrum
1829 3052 1903 3126 in
1956 3053 2238 3129 nomine
2293 3053 2606 3130 Domini.

789 3171 870 3255 R.
957 3172 1102 3264 Qui
1154 3173 1326 3249 fecit
1379 3174 1655 3251 coelum
1707 3181 1780 3249 et
1831 3181 2115 3250 terram.

482 3382 831 3458 Miserere
884 3383 1023 3456 mei
1076 3384 1301 3476 Deus,
1344 3383 1381 3425 *
1418 3384 1683 3457 secund
1696 3407 1806 3456 um
1862 3406 2194 3479 magnam
2247 3385 2810 3461 misericordiam
2861 3393 3079 3463 tuam.

480 3503 577 3578 Et
630 3502 1019 3581 secundum
1070 3502 1586 3581 multitudinem
1639 3505 2172 3581 miserationum
2223 3514 2524 3603 tuarum,
2581 3508 2620 3551 *
2673 3507 2835 3583 dele
2889 3508 3150 3604 iniqui-

269 3634 492 3704 tatem
545 3649 798 3700 meam.

484 3748 819 3845 Amplius
869 3748 1039 3823 lava
1091 3771 1203 3823 me
1254 3750 1347 3823 ab
1399 3749 1770 3846 iniquitate
1833 3772 2026 3824 mea:
2074 3750 2114 3795 '¹‘
2167 3757 2239 3825 et
2291 3775 2334 3824 a
2386 3759 2686 3848 peccato
2739 3772 2897 3827 meo
2952 3774 3151 3826 mun—

272 3872 375 3947 da
427 3894 563 3946 me.

486 3992 840 4083 Quoniam
891 3993 1332 4089 iniquitatem
1386 4016 1616 4067 meam
1673 4016 1810 4087 ego
1866 4014 2262 4088 cognosco:
2303 3990 2342 4033 *
2378 4001 2449 4068 et
2491 4002 2861 4091 peccatum
2914 4017 3146 4070 meum

272 4124 531 4193 contra
581 4140 694 4193 mc
749 4124 861 4192 est
913 4139 1220 4214 semper.

486 4239 656 4314 Tibi
710 4240 848 4315 soli
901 4239 1221 4337 peccavi,
1289 4247 1359 4313 et
1410 4238 1671 4315 malum
1746 4260 1984 4312 coram
2040 4246 2110 4311 te
2163 4238 2336 4313 feci:
2392 4238 2433 4285 '⁸‘
2484 4245 2562 4313 ut
2611 4236 3023 4313 iustificeris
3075 4238 3152 4313 in

274 4363 729 4437 sermonibus
782 4362 944 4456 tuis,
1004 4368 1074 4435 et
1124 4361 1373 4435 vincas
1426 4384 1582 4435 cum
1636 4360 2001 4435 iudicaris,

486 4482 683 4559 Ecce
755 4484 941 4556 enim
1002 4483 1077 4556 in
1138 4483 1629 4578 iniquitatibus
1700 4490 2089 4580 conceptus
2167 4505 2354 4558 sum:
2429 4482 2469 4525 ²¹²
2543 4489 2614 4557 et
2681 4481 2756 4555 in
2827 4478 3154 4579 peccatis

276 4606 612 4703 concepit
662 4628 776 4679 me
828 4613 1055 4679 mater
1107 4628 1285 4679 mea.

488 4726 681 4801 Ecce
754 4728 941 4802 enim
994 4728 1362 4802 veritatem
1436 4726 1784 4802 dilexisti:
1842 4724 1881 4765 '⁸‘
1933 4727 2208 4801 incerta
2283 4733 2353 4800 et
2407 4725 2686 4801 occulta
2757 4722 3153 4821 sapientiae

273 4859 446 4925 tuae
498 4850 973 4925 manifestasti
1024 4850 1219 4924 mihi.

484 4972 860 5070 Asperges
913 4996 1026 5048 me
1096 4974 1443 5072 hyssopo,
1521 4982 1592 5049 et
1643 4971 2072 5047 mundabor:
2145 4970 2186 5016 ²¹⁶
2236 4970 2521 5044 lavabis
2590 4992 2724 5062 me,
2799 4975 2870 5043 et
2939 4990 3156 5065 super

274 5095 519 5170 nivem
572 5095 987 5171 dealbabor.

488 5216 785 5293 Auditui
837 5241 995 5293 meo
1051 5218 1259 5293 dabis
1332 5217 1670 5311 gaudium
1745 5225 1815 5293 et
1864 5216 2239 5291 laetitiam:
2295 5214 2336 5259 *
2387 5222 2459 5289 et
2513 5210 2929 5289 exultabunt
2983 5232 3156 5287 ossa

274 5339 673 5414 humiliata.
