4055 6364
1359 791 1457 804 --
1567 743 1716 824 237
1820 793 1924 804 --

1401 973 1883 1076 CCXCVII.

315 1179 719 1262 Decretum
778 1197 918 1261 non
973 1180 1265 1263 habens
1320 1183 1457 1263 vim
1513 1182 1802 1266 statuti
1859 1183 1957 1265 ao
2009 1183 2418 1267 solvendas
2472 1202 2763 1268 vaccas
2817 1188 2975 1268 tam

492 1302 558 1382 in
615 1302 1194 1402 praestimoniis,
1249 1323 1466 1406 quam
1522 1303 1773 1387 fundis
1830 1307 1915 1386 et
1965 1307 2258 1407 pratiis.
2315 1305 2520 1388 Anno
2577 1305 2785 1388 1745.

402 1529 858 1627 Propositam
911 1531 1398 1626 quaestionem
1454 1555 1499 1607 a
1553 1533 1964 1608 Perillustri
2017 1534 2332 1609 Domino
2385 1534 2604 1608 villae
2655 1534 3077 1631 praestimo-

184 1651 410 1726 nialis
461 1651 848 1725 Biezanow
902 1652 1252 1748 Regente,
1311 1677 1403 1728 ex
1458 1652 1762 1729 decessu
1814 1677 2155 1751 pecorum
2209 1680 2340 1752 per
2375 1656 2853 1751 pestilentiam
2910 1658 3077 1731 sub-

183 1783 443 1850 secuto
499 1781 747 1869 ortam,
803 1774 1419 1850 Reverendissimi
1472 1776 1764 1851 Domini
1818 1776 2254 1869 decidentes,
2312 1777 2404 1853 de
2441 1778 2703 1852 mutuis
2757 1777 3081 1852 consiliis

183 1897 730 1973 concluserunt:
790 1903 867 1971 ut
917 1897 992 1970 in
1039 1897 1366 1972 omnibus
1423 1899 1950 1997 praestimoniis
2002 1922 2283 1996 pecora,
2321 1900 2397 1972 in
2451 1896 2703 1973 eodem
2761 1921 3077 1995 numere,

183 2041 332 2115 quo
389 2020 584 2093 circa
637 2017 1278 2115 apprehensionem
1332 2021 1824 2117 praestimonii
1874 2020 2188 2116 Regenti
2233 2021 2516 2095 reddita
2547 2020 2833 2114 fuerint,
2907 2001 3078 2095 con-

181 2148 608 2234 serventur3
681 2140 938 2236 quodsi
1007 2142 1456 2236 permittente
1525 2143 1726 2235 De0,
1816 2166 1948 2239 per
2014 2142 2492 2239 pestilentiam
2518 2199 2536 2234 ‚
2614 2140 3077 2216 hostilitatem

179 2272 309 2337 aut
363 2263 606 2356 ignem
660 2263 734 2336 in
788 2269 937 2336 toto
991 2264 1111 2337 vel
1164 2264 1238 2336 in
1293 2272 1495 2360 parte
1550 2265 1836 2345 sublata
1888 2264 2162 2359 forent,
2218 2265 2510 2359 Regens
2574 2263 2873 2359 quilibet
2924 2265 3081 2338 sive

181 2383 280 2458 ad
357 2385 746 2480 integrum,
825 2386 992 2459 sive
1063 2386 1156 2460 ad
1224 2385 1696 2483 supplendum
1765 2387 2240 2460 inventarium
2310 2385 2716 2461 huiusmodi
2790 2386 3079 2460 omnino

179 2513 555 2601 teneatur3
609 2507 674 2580 si
728 2530 900 2582 vero
957 2509 1050 2581 ob
1101 2508 1495 2604 periculum
1551 2508 1873 2583 durantis
1913 2508 2385 2603 pestilentiae,
2445 2509 2867 2583 brevitatem
2904 2517 3079 2580 tem-

183 2628 394 2725 poris
463 2635 586 2702 aut
652 2628 965 2722 legalem
1022 2629 1710 2726 impossibilitatem,
1785 2629 2140 2703 defectum
2197 2629 2669 2726 praemissum
2741 2630 3079 2726 supplere

183 2773 334 2824 non
395 2751 680 2847 poterit,
738 2761 810 2824 et
860 2751 1135 2826 interea
1187 2750 1282 2825 ad
1335 2749 1530 2825 aliud
1585 2751 2168 2849 praestimonium
2222 2749 2637 2846 ascendere,
2692 2752 2848 2826 sive
2912 2751 3082 2825 fatis

182 2869 455 2945 cedere
508 2873 817 2968 aliquem
873 2873 1261 2967 contingat,
1321 2880 1581 2946 extunc
1635 2873 1937 2968 pretium
1991 2872 2085 2947 ad
2141 2875 2676 2972 proportionem
2732 2872 3079 2948 decessus

183 2990 616 3068 Successori
682 2995 1090 3090 relinquere
1161 2995 1540 3086 tenebitur,
1613 3017 1746 3092 pro
1800 2995 2108 3088 singulis
2163 2997 2405 3070 vaccis
2462 2995 2715 3090 viginti
2770 3019 2902 3070 sex
2950 2995 3079 3070 flo-

179 3138 412 3191 renos
477 3115 941 3191 numerando.
1019 3115 1230 3208 Quod
1303 3117 1695 3193 Decretum
1769 3118 1981 3192 etiam
2038 3116 2132 3191 ad
2184 3117 2447 3193 fundos
2502 3125 2573 3193 et
2624 3118 2900 3213 gratias
2954 3140 3078 3192 ex-

181 3236 646 3333 tendendum,
706 3246 776 3313 et
829 3240 964 3314 sub
1019 3240 1271 3337 poenis
1326 3248 1576 3315 contra
1647 3263 1790 3315 non
1845 3239 2323 3336 adimplentes
2395 3238 2845 3315 conditiones
2918 3262 3083 3313 san-

183 3358 381 3457 citis,
437 3359 964 3437 observandum
1022 3360 1513 3438 decreverunt.

1369 3674 1898 3775 CCXCVIIl.

188 3900 594 3982 Decretum
668 3916 810 3981 non
881 3899 1171 3983 habens
1224 3902 1362 3982 vim
1418 3900 1707 3984 statuti
1781 3902 1993 3983 oin-oa
2048 3899 2430 4002 stipendus
2485 3900 3072 3984 Archidiaoonos

713 4040 845 4122 pro
903 4020 1259 4104 iudicibus
1315 4022 1711 4123 [innotatis
1765 4022 1863 4105 ad
1915 4022 2259 4106 Tribunai
2318 4022 2562 4123 neunt.

1124 4143 1335 4227 Anno
1393 4144 1587 4226 1746
1642 4144 1757 4226 die
1820 4144 1901 4225 10
1957 4144 2145 4226 maii.

403 4368 586 4444 Cum
641 4392 730 4443 ex
782 4378 1030 4445 tenore
1085 4370 1492 4446 Erectionis
1545 4370 2237 4447 Archidiaconorum
2292 4374 2760 4449 Lublinensis
2815 4382 2887 4449 et
2938 4373 3078 4450 Za-

187 4492 678 4567 vichostensis
750 4492 944 4567 clare
999 4502 1309 4586 constet,
1386 4492 1679 4569 eosdem
1754 4493 2328 4569 Archidiaconos
2381 4518 2514 4592 per
2567 4496 2849 4593 priseos
2902 4495 3077 4593 Epi-

187 4636 462 4713 scopos
534 4637 666 4711 pro
737 4616 1166 4690 necessitate
1222 4624 1292 4690 et
1344 4608 1650 4691 utilitate
1705 4616 2089 4692 Dioecesis
2156 4615 2663 4693 Cracoviensis
2713 4618 3079 4694 institutos

187 4745 262 4811 et
333 4735 673 4812 fundatos
747 4736 996 4826 fuisse,
1069 4737 1374 4834 ipsoque
1442 4738 1519 4811 in
1571 4736 1908 4813 Ecclesia
1979 4735 2450 4815 cracoviensi
2518 4740 3079 4816 installationem

189 4860 523 4958 accipere
547 4916 566 4953 ,
638 4860 1040 4955 quaesitum
1103 4860 1276 4935 fuit:
1349 4867 1583 4935 utrum
1634 4860 1710 4933 in
1764 4860 2053 4935 Iudices
2105 4860 2199 4936 ad
2252 4861 2605 4937 Tribunal
2656 4862 2896 4959 Regni
2950 4886 3081 4961 per

189 4980 606 5079 Capitulum
663 5003 1010 5078 praesens
1082 4981 1256 5075 eligi
1326 4980 1664 5079 possint?
1731 4981 2345 5058 Reverendissimi
2416 4984 2707 5059 Domini
2761 4984 3079 5060 Praelati

188 5113 264 5178 et
317 5100 668 5178 Canonici
719 5104 794 5177 in
848 5103 1210 5201 praesenti
1282 5101 1620 5200 Capitulo
1693 5105 2022 5199 generali
2092 5107 2545 5201 congregati,
2616 5107 2811 5181 facta
2863 5129 3081 5205 super

189 5224 619 5323 praemissis
670 5224 1188 5300 deliberatione
1242 5249 1329 5300 ac
1384 5226 1744 5322 exquisito
1799 5226 2248 5320 singulorum
2303 5249 2544 5322 sensu,
2600 5227 2781 5303 visis
2834 5236 2906 5303 et
2958 5250 3077 5303 co-

189 5370 345 5421 ram
401 5370 484 5421 se
535 5347 744 5421 lectis
795 5346 1004 5423 Actis
1057 5350 1209 5424 suis
1261 5350 1761 5444 anterioribus,
1819 5373 1910 5424 ex
1964 5349 2223 5446 quibus
2264 5347 2643 5425 deductum
2696 5350 2851 5445 fuit,
2890 5348 3081 5449 quod
