4055 6364
2032 807 2117 816 —
2238 760 2591 838 188-—

859 973 1202 1048 tationem
1258 972 1728 1048 Dominorum
1763 971 2195 1067 Regentium
2228 995 2355 1048 seu
2392 971 2933 1068 Possessorum,
2992 981 3415 1052 occurrente
3468 975 3789 1052 alicuius

865 1093 1356 1194 praestimonii
1411 1102 1484 1169 et
1537 1095 1817 1170 Domus
1867 1095 2281 1188 vacatione,
2336 1094 2546 1188 fiunt,
2601 1103 2817 1193 atque
2868 1096 2972 1170 ita
3025 1097 3447 1194 plerumque
3510 1099 3785 1190 evenit,

863 1217 1056 1316 quod
1111 1216 1436 1291 nonnulli
1488 1217 1958 1292 Dominorum
2013 1239 2300 1311 vaccas,
2354 1215 2675 1315 pecudes
2729 1225 2802 1293 et
2856 1219 3379 1316 supellectilem
3432 1218 3784 1294 domesti-

868 1365 1023 1414 eam
1082 1363 1225 1415 non
1265 1339 1696 1435 relinquunt,
1755 1347 1827 1414 et
1863 1341 1928 1414 si
1963 1339 2352 1436 'aliquando
2388 1339 2820 1438 relinquunt,
2876 1364 3005 1416 eas
3042 1363 3257 1416 senes
3310 1347 3384 1416 et
3436 1339 3529 1415 ad
3568 1363 3791 1415 usum

865 1463 1174 1560 ineptas,
1225 1461 1636 1558 nulliusque
1687 1462 1880 1558 frugi
1931 1462 2005 1537 in
2042 1485 2377 1556 mag-num
2433 1462 2765 1537 damnum
2820 1471 2893 1538 et
2932 1463 3263 1538 iniuriam
3300 1463 3789 1538 Dominorum

864 1585 1147 1659 noviter
1196 1583 1684 1680 provisorum3
1739 1583 1856 1660 his
1907 1585 2149 1681 itaque
2204 1593 2277 1660 et
2328 1583 2494 1659 aliis
2529 1583 3002 1660 incommodis
3054 1585 3242 1660 viam
3302 1583 3793 1683 praecludere

865 1716 938 1781 et
987 1705 1440 1781 indemnitati
1491 1705 1774 1781 illorum
1847 1706 1922 1779 in
1993 1706 2307 1780 futurum
2380 1706 2763 1804 providere
2816 1708 3221 1805 cupientes,
3294 1707 3793 1782 concordibus

865 1828 1232 1922 suffragiis
1301 1836 1373 1900 et
1424 1827 1616 1902 votis
1671 1835 2071 1903 statuerunt
2132 1837 2204 1902 et
2255 1827 2730 1904 decreverunt
2784 1831 3290 1928 perpetuisque
3326 1829 3791 1925 temporibus

864 1950 1248 2026 tenendum
1321 1959 1394 2026 et
1455 1950 2014 2024 observandum:
2090 1957 2168 2024 ut
2236 1949 2800 2048 quotiescunque
2854 1951 3099 2026 Villae
3169 1951 3797 2049 praestimonialis

866 2081 940 2148 et
990 2073 1270 2147 Domus
1343 2072 1784 2148 canonicalis
1835 2071 2122 2146 vacatio
2176 2072 2602 2166 occurrerit,
2666 2073 2959 2148 easdem
3012 2072 3425 2148 Reverendi
3481 2073 3797 2148 Domini

867 2194 960 2268 de
1028 2196 1305 2289 gremio
1363 2193 1678 2293 Capituli
1733 2192 2055 2292 deputati
2139 2216 2351 2290 quam
2415 2192 2967 2289 diligentissime
3036 2195 3413 2270 revideant
3475 2217 3793 2293 pecora,

863 2315 1213 2415 pecudes,
1283 2315 1801 2415 supellectilem
1877 2315 2341 2390 domesticam
2396 2323 2468 2390 et
2522 2339 2609 2390 ea
2663 2317 2934 2412 omnia,
3011 2340 3195 2413 quae
3266 2317 3343 2392 in
3406 2317 3515 2392 eis
3565 2317 3799 2392 clavo

869 2463 915 2512 a
970 2440 1352 2514 medietate
1407 2439 1575 2514 anni
1631 2437 1864 2534 elapsi
1917 2462 2049 2534 per
2093 2437 2508 2534 praedictae
2534 2437 2779 2514 Villae
2816 2446 2939 2513 aut
2974 2439 3254 2514 Domus
3288 2440 3563 2514 interea
3596 2448 3795 2514 tem·

870 2561 1070 2658 poris
1122 2561 1522 2656 Regentem
1580 2567 1744 2634 sunt
1795 2558 2041 2652 affixa,
2100 2567 2171 2634 et
2224 2559 2289 2633 si
2344 2581 2589 2634 eorum
2644 2557 2917 2658 aliquid
2974 2562 3070 2636 sit
3119 2561 3469 2655 avulsum,
3524 2569 3799 2637 exacte

868 2706 956 2756 ac
1009 2663 1448 2757 sufficienter
1503 2682 1996 2774 conscribant,
2073 2689 2287 2776 atque
2338 2681 2467 2754 tali
2520 2682 2881 2757 revisione
2936 2682 3223 2777 habita,
3298 2691 3376 2758 ut
3428 2683 3801 2780 praedicti

869 2805 1164 2879 Domini
1197 2805 1614 2897 Revisores,
1672 2803 1984 2879 Domino
2040 2802 2131 2876 de
2156 2801 2357 2878 Villa
2414 2803 2531 2877 vel
2566 2804 2805 2879 Domo
2851 2805 3149 2903 proviso
3187 2805 3505 2881 eiusdem
3530 2803 3801 2880 Villae

875 2951 1018 3002 una
1071 2951 1232 3000 cum
1286 2927 1696 3024 pecoribus,
1752 2923 2151 3022 pecudibus
2202 2946 2342 2999 non
2401 2924 2716 3018 senibus,
2776 2926 2909 3000 sed
2964 2927 3263 3002 utilibus
3318 2937 3391 3002 et
3440 2926 3531 3001 ad
3566 2949 3801 3002 usum

873 3049 1096 3145 aptis,
1177 3047 1616 3122 inhaerendo
1681 3045 2010 3121 Decretis
2074 3053 2287 3120 autea
2337 3047 2846 3144 promulgatis,
2930 3049 3143 3122 etiam
3216 3049 3801 3124 contradictione

872 3169 1138 3269 prioris
1189 3169 1542 3265 Regentis
1597 3193 1738 3245 non
1792 3170 2145 3263 obstante,
2202 3168 2634 3265 supellectili
2694 3167 3124 3264 domestica,
3198 3171 3499 3268 aliisque
3554 3172 3805 3247 rebus

873 3292 1082 3367 clavo
1137 3292 1393 3388 parieti
1446 3292 1718 3386 affixis,
1791 3313 1922 3387 per
1971 3290 2179 3387 ipsos
2231 3290 2682 3388 conscriptis,
2740 3314 2923 3387 quae
2975 3293 3175 3368 iuxta
3229 3294 3801 3392 dispositionem

875 3410 1314 3489 Statutorum
1369 3413 1924 3488 Provincialium
1978 3412 2121 3486 Lib
2172 3411 2267 3487 V.
2324 3435 2483 3510 cap.
2544 3410 2664 3506 24,
2718 3414 3027 3512 relinqui
3080 3416 3381 3509 debent,
3436 3417 3509 3490 iu
3559 3438 3799 3513 prae-

878 3536 1109 3611 sentia
1165 3535 1448 3610 Notarii
1501 3536 1920 3633 capitularis
1972 3535 2507 3634 possessionem
2564 3534 2883 3629 tradant,
2956 3537 3285 3613 similiter
3338 3546 3411 3613 et
3470 3538 3799 3613 Domus.

876 3654 958 3731 Si
1010 3680 1184 3731 vero
1255 3658 1452 3755 prior
1504 3656 1802 3752 Regens
1857 3680 1988 3732 suo
2044 3653 2468 3733 Successori
2541 3655 2732 3731 dicta
2797 3658 3015 3753 bona,
3088 3683 3384 3757 pecora,
3458 3658 3804 3758 pecudes

877 3787 948 3852 et
1002 3778 1523 3877 supellectilem
1577 3778 2042 3853 domesticam
2094 3779 2541 3873 designatam
2596 3803 2738 3853 non
2794 3779 3217 3874 reddiderit,
3292 3791 3365 3856 et
3433 3804 3548 3855 res
3600 3802 3805 3857 suas

874 3900 1044 3975 inde
1091 3900 1358 3975 referre
1416 3910 1486 3975 et
1529 3902 1842 3995 migrare
1899 3900 2225 3994 noluerit,
2282 3908 2405 3975 aut
2458 3899 2730 3997 aliquid
2785 3900 2875 3975 de
2910 3904 3129 3977 rebus
3180 3903 3392 3978 clavo
3443 3928 3488 3977 a
3536 3902 3807 3981 medio

879 4045 1067 4097 anno
1140 4023 1382 4097 affixis
1451 4024 1797 4098 avulserit
1866 4032 1938 4098 et
1989 4022 2367 4116 ademerit,
2440 4022 2609 4097 talis
2681 4023 2933 4119 vigore
3004 4025 3413 4121 praesentis
3480 4025 3807 4100 Decreti

879 4168 1188 4219 ascensu
1257 4168 1390 4242 pro
1464 4146 1781 4220 secunda
1844 4146 2004 4220 vice
2073 4144 2166 4219 ad
2223 4145 2489 4220 Villam
2564 4147 3213 4242 praestimonialem
3287 4170 3417 4222 seu
3468 4148 3804 4223 Domum

880 4266 1368 4341 canonicalem
1424 4267 1712 4341 omnino
1767 4269 2061 4359 carebit,
2119 4275 2190 4342 et
2234 4267 2324 4341 ad
2378 4267 2667 4341 easdem
2716 4268 3174 4343 obtinendum
3227 4268 3567 4343 inhabilis
3619 4270 3805 4361 erit,

881 4395 954 4461 et
1006 4387 1468 4463 nihilominus
1521 4390 1764 4464 ablata
1815 4389 2193 4465 restituere
2237 4390 2455 4464 debet
2506 4389 2643 4463 sub
2686 4391 3075 4465 amissione
3130 4390 3591 4466 refectionum
3644 4414 3807 4487 pro

882 4518 1103 4605 quota
1149 4534 1383 4585 rerum
1438 4510 1862 4587 ablatarum.
3434 4494 3438 4497 ’

2112 4718 2543 4823 CCXXX.

887 4909 1109 4992 Nemo
1166 4929 1258 4991 ex
1293 4910 1626 5011 capitulo
1681 4912 1846 4994 sine
1902 4854 2204 4995 licentia
2259 4916 2341 4997 et
2378 4882 2702 5015 legitima
2756 4932 3000 4997 causa
3054 4913 3258 4994 exire
3314 4920 3803 5017 praesumat.

1455 5033 1663 5115 Anno
1720 5035 1908 5116 1614.
1968 5036 2095 5117 Die
2152 5037 2495 5119 Mercurii
2554 5036 2975 5119 minensis
3030 5035 3219 5117 Maii.

1095 5222 1277 5299 Cum
1331 5226 1423 5299 ad
1470 5228 1761 5321 negotia
1799 5226 2181 5304 Ecclesiae
2228 5238 2300 5304 et
2328 5228 2647 5328 Capituli
2682 5230 3055 5327 tractanda
3088 5254 3337 5307 omnes
3370 5231 3809 5313 Reverendi

889 5346 1084 5421 circa
1120 5346 1523 5421 Ecclesiam
1563 5350 1966 5424 residentes
2005 5351 2263 5427 diebus
2302 5353 2819 5450 capitularibus
2857 5353 3102 5427 venire
3156 5361 3561 5453 teneantur3
3621 5380 3809 5433 nam
