4055 6364
1419 754 2084 833 -123—·

1542 1034 1841 1135 CXLI.

246 1236 677 1322 nectaratio
751 1239 1053 1323 Deci-eti
1122 1242 1215 1325 de
1284 1243 1552 1328 marca
1618 1243 2015 1345 capitulari
2080 1241 2531 1326 absentibus
2597 1241 2867 1327 danda.
2941 1242 3150 1327 Anno

1138 1364 1411 1448 nomini
1468 1366 1682 1448 1582.
1742 1368 1873 1451 nie
1932 1368 2010 1449 18
2068 1366 2257 1450 Maii.

453 1573 1039 1649 Declarationem
1112 1576 1408 1652 Deci-eti
1482 1577 1571 1652 de
1627 1584 1699 1652 et
1760 1601 1980 1677 super
2046 1577 2298 1653 Marca
2369 1576 2746 1673 capitulari
2815 1577 3150 1653 Dominis

247 1718 291 1768 a
332 1692 672 1801 Capitulo
726 1696 1053 1790 generali
1106 1698 1530 1773 absentibus
1584 1708 1655 1775 et
1705 1700 1779 1775 in
1833 1701 2150 1795 negotiis
2211 1699 2596 1775 Ecclesiae
2650 1722 2781 1774 seu
2832 1697 3150 1797 Capituli

244 1816 649 1914 ubicunque
704 1817 1089 1915 deputatis,
1147 1818 1404 1913 danda,
1460 1821 1537 1895 in
1570 1822 1899 1916 generali
1952 1822 2289 1919 Capitulo
2345 1845 2478 1920 pro
2517 1821 2746 1898 Festo
2799 1820 3148 1897 Purifica-

245 1939 465 2013 tionis
516 1938 847 2034 Virginis
917 1940 1195 2015 Mariae
1250 1964 1441 2016 anno
1514 1942 1879 2039 praesenti
1934 1943 2303 2017 celebrato
2373 1944 2677 2038 factam,
2750 1942 3148 2040 planiorem

245 2060 579 2137 faciendo
635 2085 765 2137 seu
820 2062 1213 2137 relaxando
1286 2064 1681 2139 clausulam
1737 2063 1809 2138 in
1860 2073 2254 2139 memorata
2311 2056 2796 2141 declaratione
2851 2064 3148 2139 Decreti

247 2189 653 2259 contentam
679 2240 697 2277 ,
771 2184 1297 2281 quodammodo
1351 2186 1699 2283 perplexe
1754 2187 2138 2284 scriptam,
2215 2187 2420 2263 cuius
2490 2188 2631 2261 iste
2687 2208 2950 2263 sensus
3005 2193 3146 2261 est:

244 2304 439 2399 quod
476 2305 815 2381 videlicet
848 2306 959 2381 illi
996 2307 1341 2381 duntaxat
1375 2308 1693 2401 Domini,
1744 2308 1868 2404 qui
1906 2332 1998 2384 ex
2032 2309 2197 2383 loco
2235 2308 2616 2405 capitulari
2652 2316 2724 2381 et
2757 2306 3153 2383 residentia

246 2429 381 2501 sub
420 2426 757 2523 Capitulo
796 2429 1123 2522 generali
1159 2429 1249 2502 ad
1290 2428 1535 2525 aliqua
1570 2430 1735 2505 loca
1771 2430 2160 2505 remotiora
2193 2430 2268 2503 in
2305 2429 2686 2505 Ecclesiae
2723 2437 2796 2505 et
2831 2426 3152 2527 Capituli

246 2550 559 2643 negotiis
594 2549 1044 2647 deputantur,
1103 2550 1396 2626 Maroae
1450 2550 1859 2626 huiusmodi
1908 2552 2330 2649 capitularis
2381 2551 2699 2626 totaliter
2733 2560 2805 2627 et
2838 2551 3146 2645 integre,

244 2671 401 2744 acsi
437 2680 858 2768 praesentes
894 2682 1160 2766 essent,
1220 2673 1484 2748 debent
1523 2696 1688 2747 esse
1735 2672 2150 2770 pa1·ticipeS‚
2207 2672 2619 2746 Reverendi
2670 2672 2968 2746 Domini
3004 2670 3140 2747 Ca-

248 2792 599 2889 pitulares
653 2793 1051 2869 clausulam
1107 2794 1407 2869 eandem
1470 2794 1761 2891 planius
1812 2794 2409 2892 interpretantes,
2485 2794 2577 2867 ad
2633 2792 3022 2869 tollendam
3073 2795 3149 2869 in

246 2916 555 2990 futurum
614 2939 891 2991 omnem
948 2918 1489 3011 ambiguitatem
1544 2925 1617 2991 et
1670 2916 2225 3012 dubitationem,
2292 2916 2720 2991 unanimiter
2773 2915 3146 2992 concordi-

245 3039 384 3112 bus
441 3038 593 3111 suis
646 3039 1023 3113 sententiis
1076 3040 1615 3133 concluserunt,
1674 3038 2146 3115 decernentes
2202 3048 2274 3113 et
2327 3046 2724 3113 statuentes
2773 3036 2850 3110 in
2902 3046 3146 3135 poste-

246 3182 401 3234 rum
456 3159 839 3235 tenendum
898 3167 969 3236 et
1023 3160 1588 3237 observandum:
1649 3170 1725 3238 ut
1777 3161 2345 3260 quotiescunque
2400 3160 2784 3256 contigerit
2834 3159 3148 3256 aliquem

248 3307 337 3355 ex
390 3283 670 3376 gremio
740 3283 1059 3380 Capituli
1135 3283 1587 3359 Confratrem
1650 3285 1751 3358 in.
1780 3286 2075 3380 negotio
2145 3306 2572 3381 quocunque
2645 3281 3024 3356 Ecclesiae
3081 3292 3151 3357 et

249 3403 571 3502 Capituli
624 3429 714 3480 ex
765 3407 934 3480 loco
988 3406 1371 3503 capitulari
1440 3431 1570 3483 seu
1624 3406 2059 3500 residentia,
2134 3415 2300 3481 ante
2373 3403 2785 3502 Capitulum
2856 3404 3147 3500 aliquod

247 3529 589 3621 generale
642 3528 950 3602 mediate
1006 3535 1128 3603 aut
1179 3529 1587 3606 immediate
1642 3530 2009 3626 deputari,
2069 3529 2134 3603 si
2186 3529 2281 3602 ad
2334 3528 2682 3622 generale
2736 3524 3148 3625 Capitulum

248 3650 561 3745 negotiis
614 3650 967 3726 eiusmodi
1030 3659 1425 3748 occupatus
1480 3660 1553 3727 et
1606 3653 1936 3727 detentus
2007 3651 2257 3727 venire
2311 3672 2452 3724 non
2507 3648 2770 3747 poterit
2839 3671 2968 3724 seu
3023 3671 3145 3722 ne-

248 3773 585 3866 glexerit,
644 3772 919 3846 ratione
974 3772 1323 3846 eiusmodi
1378 3773 1861 3870 deputationis
1914 3773 2238 3848 Marcam
2296 3772 2762 3869 capitularem
2837 3770 3145 3886 integre,

248 3918 391 3969 non
446 3918 661 3970 secus
714 3919 925 3990 quam
981 3894 1045 3967 si
1098 3916 1447 3990 praesens
1500 3902 1718 3986 esset,
1774 3895 2073 3971 habebit
2124 3903 2196 3970 et
2248 3893 2622 3993 percipiet.

1522 4203 1866 4304 CXLII.

253 4417 357 4499 ne
414 4416 709 4499 ratione
767 4434 859 4497 ex
909 4415 1455 4500 refectionibus
1513 4430 1562 4493 a
1621 4411 2305 4514 Viceprocuratore
2359 4410 2716 4495 facienda
2769 4412 2855 4492 et
2905 4413 3148 4495 susci-

831 4536 1119 4637 pienda.
1177 4537 1382 4620 Anno
1441 4537 1708 4619 Domini
1767 4535 1979 4618 1582.
2039 4535 2166 4616 Die
2223 4535 2329 4618 25
2385 4535 2574 4616 maii.

456 4750 774 4822 Decreto
827 4747 1206 4844 capitulari
1259 4745 1473 4820 Anno
1535 4743 1731 4822 1558
1780 4745 1897 4822 dic
1940 4743 2035 4819 10
2090 4743 2268 4819 Maii
2315 4745 2388 4818 in
2427 4745 2754 4840 generali
2809 4743 3146 4844 Capitulo

252 4871 422 4964 lato,
475 4879 618 4945 tum
658 4879 731 4944 et
766 4867 1263 4944 consuetudini
1313 4868 1704 4966 antiquitus
1742 4868 2171 4941 observatae
2215 4863 2680 4961 inhaerendo,
2735 4867 3145 4944 Reverendi

250 4993 541 5068 Domini
595 4990 1051 5091 Capitulares
1104 4990 1757 5065 animadvertentes
1793 4988 1864 5062 id
1906 4989 1997 5063 ad
2039 5011 2386 5087 praesens
2441 4989 2968 5086 quodammodo
3021 5012 3144 5063 ne-

252 5115 436 5210 gligi
486 5126 560 5190 et
609 5116 854 5190 forsan
912 5137 1070 5189 cum
1123 5113 1398 5189 iactura
1448 5113 1752 5188 Mensae
1809 5110 2227 5208 capitularis
2280 5111 2691 5206 intermitti,
2756 5111 3143 5187 admonue-

252 5245 412 5312 runt
448 5239 639 5313 serio
674 5236 1392 5334 Viceprocuratorem
1446 5258 1651 5312 suum
1690 5234 2159 5331 capitularem
2212 5233 2731 5334 Honorabilem
2787 5233 2839 5309 J
2842 5236 3145 5310 acobum

254 5382 298 5434 a
348 5357 743 5454 Skolatow,
800 5359 1174 5456 eidemque
1228 5358 1363 5434 sub
1408 5357 1664 5456 poenis
1716 5358 2016 5432 arbitrio
2071 5356 2388 5455 Capituli
2437 5357 2933 5454 imponendis,
2997 5378 3142 5432 om-
