4055 6364
211 981 337 1048 teu
391 977 467 1048 et
497 973 908 1049 fructuosos
960 975 1159 1065 usus,
1215 969 1428 1045 nobis
1479 973 1714 1044 tamen
1771 969 1973 1066 prius
2025 967 2399 1060 consultis,
2456 965 3009 1042 decernentibus
3060 972 3134 1038 et

223 1091 858 1170 consentientibus
881 1152 898 1187 ,
977 1093 1406 1191 dispensari.
1497 1091 1764 1166 Datum
1821 1091 1894 1164 in
1949 1087 2289 1188 Capitulo
2340 1087 2667 1185 generali
2735 1087 3137 1164 Cra-coviae

215 1218 600 1293 celebrato
670 1216 853 1291 feria
923 1212 1258 1290 Secunda
1318 1215 1391 1289 in
1450 1213 1766 1288 crastino
1837 1211 2371 1286 purificationis
2442 1209 2754 1286 Sanctae
2825 1209 3125 1305 Mariae,

213 1338 445 1414 Anno
483 1338 751 1413 domini
800 1335 1192 1412 Millesimo
1232 1333 1936 1431 quadringentesimo
1983 1335 2579 1431 quinquagesimo
2617 1335 2885 1432 quinto,
2940 1332 3131 1406 Pon-

215 1463 550 1538 tificatus
603 1459 1052 1536 sanctissimi
1103 1459 1178 1532 in
1233 1456 1528 1532 Christo
1580 1455 1825 1530 Patris
1879 1464 1951 1531 et
1997 1456 2296 1531 Domini
2350 1457 2599 1551 nostri,
2654 1455 2950 1531 Domini
3000 1453 3130 1529 Ni·

215 1583 424 1660 colai
474 1582 748 1657 Divina
801 1580 1254 1679 providentia
1308 1579 1558 1675 Papae
1609 1577 1904 1673 Quinti,
1960 1577 2175 1654 Anno
2230 1587 2509 1654 octavo.

1516 1995 1862 2098 XXXI.

291 2224 691 2309 Statutum
751 2225 844 2306 tle
900 2222 1482 2307 conservatione
1538 2223 1728 2426 scrutil
1783 2221 1982 2425 ipter
2038 2223 2445 2306 praelatos
2500 2223 2585 2304 et
2638 2221 3056 2305 canonicos

1401 2364 1657 2448 permu
1699 2363 1795 2426 an
1836 2364 1951 2428 ea.

446 2574 808 2671 Antiquae
889 2573 1386 2648 consuetudini
1466 2571 1912 2649 inhaerendo
1993 2571 2487 2664 decernimus,
2570 2573 2763 2671 qnod
2835 2574 2901 2648 si
2972 2573 3137 2670 quis

229 2697 738 2773 Praelatorum
810 2705 882 2769 et
951 2693 1478 2770 Canonicornm
1551 2694 1644 2768 de
1697 2715 1840 2770 uno
1911 2691 2359 2770 Canonicatu
2432 2705 2507 2770 et
2577 2695 2991 2794 praebenda
3042 2696 3135 2770 ad

237 2819 465 2894 alium
521 2817 1039 2893 Canonicatnm
1095 2827 1168 2892 et
1219 2817 1728 2915 praebendam,
1792 2818 1948 2892 sive
2003 2817 2097 2891 de
2152 2818 2579 2893 canonicatu
2630 2817 2723 2891 ad
2781 2818 3137 2914 praelatu-

229 2965 414 3039 ram,
482 2951 606 3017 aut
657 2940 750 3016 de
803 2941 1212 3039 praelatura
1265 2942 1353 3014 ad
1406 2941 1902 3015 canonicatum
1955 2937 2539 3030 Cracoviensem,
2597 2939 3139 3037 qnocquemodo

225 3065 562 3160 legitimo
598 3071 970 3160 promotus
1005 3061 1242 3145 fuerit,
1296 3063 1602 3159 priorem
1643 3062 2161 3154 canonicatum,
2206 3061 2663 3160 prebendam,
2719 3063 2876 3137 aive
2930 3083 3136 3159 prae-

226 3188 547 3263 laturam
618 3184 1040 3260 dimittendo
1113 3186 1320 3279 talis,
1394 3194 1466 3259 et
1519 3185 1586 3258 si
1639 3184 1729 3259 de
1784 3207 1972 3259 novo
2022 3186 2251 3283 recipi
2304 3194 2377 3261 et
2425 3186 2782 3260 installari
2857 3184 3135 3280 debeat,

225 3309 436 3383 velut
489 3308 608 3383 cui
661 3307 752 3382 de
786 3328 976 3383 novo
1031 3315 1144 3381 est
1193 3309 1581 3404 provisum,
1641 3330 1781 3381 non
1835 3318 2072 3383 tamen
2127 3309 2363 3383 locum
2418 3316 2542 3384 aut
2592 3332 2868 3401 vocem,
2927 3309 3138 3383 ctiam

232 3428 298 3507 si
333 3430 598 3507 transit
651 3428 740 3505 de
787 3429 1032 3504 Choro
1087 3431 1316 3504 altero
1368 3431 1443 3504 in
1499 3430 1794 3503 alterum
1819 3484 1838 3520 ,
1892 3451 2023 3527 per
2068 3430 2207 3503 hoc
2262 3436 2535 3504 mutare
2588 3428 2995 3506 censendus
3032 3418 3145 3506 'sit

231 3554 558 3651 quinimo
611 3561 685 3626 et
735 3552 1046 3645 senium,
1117 3560 1188 3626 et
1238 3553 1506 3639 locum,
1564 3558 1636 3625 et
1687 3570 1982 3645 vocem,
2040 3560 2114 3627 et
2164 3550 2509 3645 ordinem,
2567 3575 2709 3650 quo
2763 3552 2855 3626 ad
2912 3554 3139 3650 optio-

237 3696 402 3750 nem
477 3673 968 3771 provisionum
1041 3672 1360 3770 Capituli
1432 3674 1590 3747 sive
1659 3673 1989 3748 villarum
2055 3681 2126 3748 et
2179 3674 2655 3749 cantationem
2730 3674 3140 3766 Missarnm,

233 3798 550 3872 retinere
606 3796 824 3871 debet
877 3794 1270 3871 secundum
1341 3803 1626 3894 tempus
1677 3795 1910 3893 ipsius
1981 3797 2349 3893 primevae
2402 3795 2496 3869 ad
2551 3797 2812 3870 dictam
2886 3794 3140 3871 Eccle-

239 3918 422 3997 siam
479 3927 551 3994 et
602 3917 1014 4016 Capitulum
1089 3919 1566 4016 receptionis,
1641 3904 1786 3991 nec
1839 3916 2080 3991 taliter
2130 3919 2698 4015 permutantibus
2752 3919 2869 3993 vel
2908 3918 3139 4013 digni·

239 4048 444 4131 tates,
505 4060 878 4139 personae,
943 4039 1396 4138 praebendas
1450 4060 1912 4136 quascunque
1950 4040 2385 4136 optantibus,
2442 4040 2705 4115 debent
2740 4040 2957 4135 exigi,
3014 4061 3139 4114 no·

241 4163 429 4238 mine
503 4161 862 4262 Capituli,
945 4164 1231 4260 aliquae
1304 4186 1434 4260 pro
1507 4160 1782 4259 Cappis
1854 4162 2241 4259 pecuniae,
2316 4172 2439 4237 aut
2506 4186 2551 4237 a
2621 4163 2939 4239 Vicariis
3010 4184 3142 4260 pro

245 4286 608 4360 offertorio
629 4338 649 4376 ‚
730 4292 856 4360 aut
925 4284 1231 4362 Notario
1308 4284 1626 4381 Capituli
1696 4292 1768 4359 et
1839 4280 2150 4359 Scholae
2222 4284 2578 4378 Magistro
2662 4306 2796 4382 pro
2864 4285 3139 4362 Instru-

247 4408 536 4499 mentis,
595 4407 723 4481 sed
779 4406 1016 4480 omnia
1068 4406 1219 4481 illis
1267 4408 1578 4502 gratuite
1632 4406 2057 4480 mandamus
2126 4408 2501 4503 praestari.
2595 4404 2673 4480 Si
2730 4428 2903 4482 vero
2954 4408 3141 4481 forte

249 4528 603 4627 quispiam
683 4528 1212 4626 praedictorum
1297 4552 1428 4625 per
1500 4528 1684 4603 viam
1760 4529 2305 4625 permutationis
2383 4528 2935 4618 beneficiorum,
3018 4536 3143 4602 aut

256 4651 436 4727 alias
487 4650 1028 4748 quomodolibet
1087 4649 1180 4723 de
1231 4650 1508 4744 gremio
1561 4649 1774 4723 huius
1843 4648 2228 4724 Ecclesiae
2281 4650 2531 4724 exiens
2584 4652 2675 4724 ad
2730 4650 2944 4724 aliam
2998 4650 3138 4725 Ec-

253 4772 542 4848 clesiam
615 4778 1176 4873 promoveretur,
1247 4772 1416 4846 talis
1487 4772 1746 4847 etenim
1818 4773 1884 4847 si
1955 4773 2236 4847 demum
2312 4769 2405 4846 ad
2476 4768 2665 4845 hauc
2736 4768 3139 4845 Ecclesiam

255 4902 620 4990 promotus
671 4896 879 4987 foret,
933 4895 1190 4969 merito
1236 4916 1366 4991 per
1399 4892 1540 4969 hoc
1592 4894 1868 4992 primae
1929 4894 2365 4991 receptionis
2422 4914 2553 4969 seu
2606 4894 2880 4969 scnium
2936 4896 3140 4969 amit-

257 5022 402 5091 tere
453 5014 693 5107 debet,
749 5036 910 5091 cum
957 5036 1087 5114 per
1120 5014 1530 5091 huiusmodi
1583 5036 1956 5110 egressum
2011 5016 2423 5090 Ecclesiam
2476 5014 2890 5091 deseruisse
2941 5016 3141 5091 vide·

260 5142 388 5212 tur.
443 5137 836 5213 Praeterea
884 5131 1295 5213 huiusmodi
1345 5138 1622 5212 senium
1676 5138 1944 5213 habere
1999 5139 2265 5213 debent
2298 5146 2373 5213 et
2405 5138 2537 5233 illi,
2580 5139 2707 5235 qui
2746 5149 2909 5237 post
2946 5140 3139 5236 ipso·

257 5278 404 5333 rum
473 5258 960 5357 receptionem
1029 5259 1404 5334 vincerent
1472 5280 1645 5334 suos
1697 5260 1983 5335 tandem
2052 5260 2544 5356 collitigantes
2612 5261 2716 5335 ita
2779 5258 3139 5353 videlieet,

261 5381 444 5476 qnod
495 5378 870 5459 victoriam
921 5382 1295 5460 obtineant
1343 5382 1418 5456 in
1471 5380 1723 5457 eadem
1779 5382 2234 5481 praebenda,
2300 5381 2396 5457 ad
2449 5402 2663 5480 quam
2718 5378 2958 5457 taliter
3008 5378 3145 5457 fuit
