4055 6364
1377 749 1946 830 -175—

1539 1007 1783 1114 CCX.

202 1219 454 1321 Super
483 1217 895 1302 molendina
922 1219 990 1300 in
1019 1217 1574 1321 praestimoniis
1606 1219 2035 1322 existentia,
2072 1216 2483 1325 privilegia,
2526 1182 3122 1308 possessoribus

206 1361 468 1424 eorum
520 1342 618 1423 ad
666 1343 895 1424 vitam
955 1362 1093 1424 non
1149 1341 1656 1426 concedenda.
1713 1343 1920 1428 Anno
1977 1347 2192 1429 1608.
2252 1346 2377 1429 Die
2423 1346 2739 1430 Veneris
2797 1347 2872 1428 16
2930 1347 3120 1428 maii.

418 1553 602 1630 Cum
655 1555 1068 1652 frequenter
1119 1556 1363 1632 multis
1420 1555 1967 1633 difficultatibus
2015 1583 2103 1632 ac
2150 1557 2624 1634 incommodis
2676 1557 3120 1634 Venerabile

206 1678 623 1777 Capitulum
680 1678 1037 1754 afficiatur
1089 1705 1132 1754 a
1184 1680 1732 1778 possessoribus
1787 1679 2356 1755 molendinorum
2410 1681 2484 1754 in
2538 1679 2761 1756 Villis
2816 1679 3117 1778 praesti-

205 1803 644 1877 monialibus
683 1803 1268 1896 consistentibus,
1327 1825 1508 1898 quae
1555 1802 1698 1900 ipsi
1733 1805 1988 1896 vigore
2025 1802 2581 1896 Privilegiorum
2622 1802 3120 1900 capitularium

207 1925 298 1998 ad
359 1925 578 1998 vitam
637 1947 1142 1999 concessorum
1198 1933 1476 2018 tenent3
1533 1923 1699 1998 ideo
1756 1922 2107 1999 eiusmodi
2159 1924 2635 1998 incommodis
2690 1934 2762 1998 ct
2809 1923 3117 2000 difficul-

205 2047 480 2121 tatibus
534 2045 952 2143 prospicere
1007 2047 1404 2143 cupientes‚
1463 2046 1874 2121 Reverendi
1927 2045 2223 2120 Domini
2274 2047 2352 2120 in
2404 2043 2545 2120 hoc
2596 2046 2923 2142 generali
2977 2042 3118 2120 Ca·

203 2167 440 2266 pitulo
496 2169 922 2263 congregati
975 2168 1457 2243 concordibus
1514 2168 1880 2264 suffragiis
1937 2167 2291 2243 duxerunt
2344 2167 2799 2243 statuendum
2846 2176 2924 2242 et
2978 2175 3120 2243 sta-

205 2299 539 2365 tuerunt:
595 2297 674 2364 ut
727 2289 1074 2387 deinceps
1129 2290 1530 2386 privilegia
1583 2291 1676 2365 ad
1731 2289 1952 2366 vitam
2027 2314 2246 2390 super
2318 2290 2731 2366 molendina
2782 2291 2857 2367 in
2916 2314 3118 2388 prae·-

210 2412 576 2488 stimoniis
631 2435 770 2486 non
829 2411 1335 2487 concedantur.

1527 2621 1814 2722 CCXI.

211 2828 648 2910 ueniat-atio
708 2830 1009 2911 necreti
1065 2830 1159 2911 de
1216 2831 1467 2930 primis
1510 2833 1594 2912 et
1641 2830 1998 2914 secundis
2055 2829 2419 2932 vesperis
2478 2831 2871 2915 festorum
2928 2829 3125 2912 ceie-

564 2950 891 3034 brandis.
948 2951 1155 3033 Anno
1213 2952 1426 3034 1609.
1488 2952 1614 3034 Die
1669 2953 1870 3036 iovis
1925 2954 1976 3034 5
2033 2955 2317 3035 mensis
2374 2952 2773 3035 Februarii.

429 3163 746 3238 Decreto
811 3161 902 3237 de
963 3163 1216 3261 primis
1270 3172 1342 3238 et
1396 3162 1735 3239 secundis
1787 3161 2142 3261 Vesperis
2192 3164 2269 3239 in
2322 3161 2569 3239 Festis
2623 3161 2717 3239 ad
2773 3162 3117 3262 populum

211 3286 668 3380 celebribus,
741 3282 953 3359 Anno
1008 3286 1303 3360 Domini
1357 3286 1747 3361 Millesimo
1804 3284 2400 3381 Quingentesimo
2455 3309 2669 3375 nono,
2729 3286 2846 3360 die
2898 3286 3110 3361 tertia

211 3406 600 3499 Octobris,
681 3408 754 3480 in
837 3406 1164 3502 generali
1247 3405 1584 3505 Capitulo
1608 3467 1625 3502 ,
1701 3431 1834 3506 pro
1916 3409 2105 3483 festo
2187 3405 2432 3482 Sancti
2514 3406 2897 3483 Michaelis
2970 3405 3107 3482 Ar·

212 3530 554 3624 changeli
609 3528 996 3622 celebratO,
1052 3530 1224 3621 lato,
1281 3529 1688 3605 Reverendi
1742 3531 2037 3605 Domini
2091 3532 2163 3604 in
2203 3530 2344 3605 hoc
2398 3528 2735 3627 Capitulo
2786 3530 3116 3625 generali

213 3654 661 3745 congregati,
709 3651 900 3726 lecto
939 3659 1010 3724 et
1048 3675 1134 3725 eo
1173 3652 1598 3743 auscultato,
1636 3653 1872 3749 ipsum
1914 3675 2004 3725 ex
2042 3652 2455 3750 pluralitate
2493 3652 3001 3747 suffragiorum
3038 3653 3111 3728 in

215 3797 352 3848 suo
391 3773 652 3847 robore
690 3772 1262 3848 conservandum
1319 3798 1484 3848 esse
1535 3773 2007 3848 decreverunt
2061 3782 2133 3847 et
2172 3782 2782 3849 conservaverunt
2821 3798 2979 3849 cum
3036 3799 3125 3849 ea

213 3904 458 3968 tamen
511 3894 999 3969 moderatione
1041 3905 1113 3969 et
1153 3894 1678 3970 declaratione:
1739 3904 1816 3970 ut
1865 3896 2268 3992 quicunque
2322 3892 2909 3970 Reverendorum
2965 3896 3118 3971 Do-

215 4017 570 4091 minorum
627 4016 972 4113 deinceps
1026 4018 1278 4115 primis
1333 4027 1404 4092 et
1459 4020 1797 4092 secundis
1849 4016 2205 4115 Vesperis
2260 4018 2335 4091 in
2385 4016 2629 4091 Festis
2678 4012 3119 4110 solennibus,

213 4138 286 4212 in
330 4138 526 4212 dicto
579 4139 896 4213 Decreto
945 4140 1405 4237 speeificatis,
1462 4164 1603 4215 non
1657 4140 2087 4233 interfuerit,
2144 4147 2413 4213 tantum
2468 4138 2667 4214 illius
2722 4137 2864 4212 diei
2920 4138 3119 4237 pani-

214 4262 357 4336 bus
411 4263 772 4359 privetur3
850 4285 936 4337 eo
993 4263 1204 4336 etiam
1262 4262 1573 4358 adiecto,
1648 4262 1838 4359 quod
1905 4262 1970 4336 si
2023 4261 2287 4357 aliquis
2360 4262 2833 4335 Dominorum
2904 4284 3119 4335 voca·

213 4391 334 4457 tus
407 4408 497 4455 ac
568 4392 904 4477 rogatus,
970 4384 1043 4456 in
1099 4383 1400 4481 prandio
1474 4384 1664 4481 apud
1739 4384 2126 4458 Dominum
2198 4382 2541 4457 Nuntium
2619 4380 3118 4480 Apostolicum

215 4512 342 4579 aut
394 4504 839 4601 Episcopum
906 4504 1462 4580 Oracoviensem
1516 4505 1766 4596 fuerit,
1841 4506 2201 4601 facileque
2259 4513 2331 4579 et
2382 4529 2525 4579 non
2581 4506 2736 4580 sine
2792 4502 3125 4581 molestia

217 4650 308 4699 ac
364 4625 710 4700 scandalo
765 4628 1009 4722 aliquo
1062 4627 1362 4702 aliorum
1419 4630 1881 4704 convivarum
1938 4628 2031 4702 ad
2087 4651 2409 4703 mensam
2464 4628 2869 4703 sedentium
2925 4628 3123 4703 exire

215 4746 557 4845 potuerit,
611 4748 778 4822 talis
834 4748 1136 4844 quilibet
1186 4750 1658 4826 Dominorum
1713 4758 1927 4825 antea
1962 4750 2356 4825 certificato
2395 4750 2485 4825 de
2526 4749 2946 4849 praemissis
2992 4772 3127 4848 per

219 4892 430 4945 suum
468 4869 809 4943 famulum
849 4871 1162 4944 Domino
1200 4871 1663 4948 Procuratori
1698 4874 1817 4948 vel
1853 4872 2489 4971 Viceprocuratori
2525 4871 2865 4973 Capituli,
2918 4894 3121 4969 prae·

221 4992 459 5064 sentia
511 4990 892 5065 Ecclesiae
947 4996 1197 5066 merito
1252 4994 1571 5087 gaudere
1627 5004 1697 5069 et
1752 5019 1906 5068 eam
1963 4994 2232 5069 habere
2287 4994 2600 5070 debebit.
