4055 6364
1369 710 2070 821 -147—'

200 949 481 1026 talares
535 956 749 1046 atque
805 952 1113 1026 caeteris
1166 954 1668 1049 praesentibus
1721 954 1873 1031 illis
1928 954 2344 1047 debeantur,
2401 956 2652 1031 Marca
2705 959 2804 1033 ab
2842 957 3118 1033 eisdem

202 1070 395 1147 solvi
451 1080 799 1149 consueta
852 1074 1141 1149 omnino
1194 1076 1579 1170 gaudeant,
1637 1100 1937 1174 eamque
1991 1078 2417 1176 percipiant.

1472 1385 1862 1489 CLXIV.

203 1590 389 1675 [itia
444 1610 831 1693 expensae
869 1611 965 1675 ex
1000 1592 1359 1677 censibus
1414 1594 1725 1679 Mensae
1782 1595 2226 1696 capitularis
2283 1597 2546 1679 nemini
2603 1596 3114 1741 dimtttendae.

1130 1715 1339 1798 Anno
1395 1715 1610 1797 1592.
1676 1718 1804 1798 Die
1862 1716 1947 1797 14
2002 1718 2190 1799 Maii.

418 1922 781 2013 Quoniam
833 1924 1205 2020 hucusque
1257 1925 1411 1999 fere
1445 1924 1795 2000 facilitate
1852 1928 2157 2022 quadam
2215 1928 2802 2005 Reverendorum
2856 1929 3109 2005 Domi-

206 2068 461 2119 norum
518 2069 643 2119 seu
698 2047 939 2121 verius
994 2047 1458 2143 benignitate,
1515 2048 1891 2143 quibusvis
1945 2072 2036 2123 ex
2092 2052 2334 2126 causis
2375 2060 2448 2125 et
2482 2051 2894 2127 actionibus
2944 2049 3113 2127 iuri·

204 2165 393 2241 dicis
449 2167 639 2241 bona
690 2166 993 2243 Mensae
1068 2168 1487 2267 capitularis
1559 2172 2196 2267 concernentibus,
2271 2173 2484 2247 etiam
2555 2173 2711 2247 iure
2774 2173 3111 2269 obtentis,

207 2288 473 2362 damna
525 2290 786 2385 potius,
844 2313 1057 2385 quam
1111 2290 1355 2387 aliqua
1408 2293 1783 2367 commoda
1831 2317 1920 2368 ex
1957 2316 2045 2367 eo
2102 2295 2551 2390 potissimum
2607 2295 3111 2391 sequebantur,

208 2409 405 2507 quod
463 2409 557 2484 ad
610 2411 1195 2487 intercessionem
1270 2412 1715 2508 quorundam
1788 2414 2206 2511 Mag-natum
2263 2416 2664 2491 adversarii
2731 2416 2889 2491 inre
2941 2416 3116 2491 victi

202 2556 293 2605 ex
350 2539 503 2606 toto
577 2554 843 2609 causae
914 2556 1261 2631 processu
1332 2543 1550 2630 atque
1620 2536 1845 2610 lucris
1897 2544 1968 2611 et
2018 2537 2416 2634 pel-lucris,
2488 2560 2622 2611 nec
2693 2559 2836 2611 non
2898 2538 3111 2612 etiam

199 2654 355 2729 litis
412 2655 757 2750 expensis
808 2655 1022 2729 liberi
1076 2654 1631 2743 dimittebantur,
1706 2657 2118 2733 Reverendi
2183 2660 2478 2733 Domini
2533 2657 2814 2733 damnis
2865 2658 3112 2733 huius-

206 2775 405 2851 modi
461 2799 837 2852 occurrere
890 2777 963 2850 in
1017 2785 1383 2873 posterum
1436 2780 1806 2873 volentes,
1876 2781 2358 2855 concordibus
2427 2782 2795 2877 suffragiis
2854 2805 3112 2879 perpe·

208 2908 333 2973 tuo
388 2904 647 2995 postea
703 2908 775 2973 et
823 2899 1361 2975 immutabiliter
1423 2900 1951 2977 observandum
2006 2908 2409 2979 statuerunt
2472 2910 2545 2977 et
2599 2902 3109 2978 decreverunt:

207 3027 286 3094 ut
320 3020 591 3095 nemini
630 3021 787 3095 iure
838 3022 1031 3095 victo
1081 3021 1286 3097 lucra
1337 3031 1551 3117 atque
1606 3022 1959 3119 perlncra,
2013 3023 2088 3097 in
2134 3024 2392 3120 quavis
2449 3024 2605 3099 sive
2656 3048 2920 3121 magna
2957 3025 3112 3101 sive

206 3164 438 3238 parva
492 3165 745 3238 causa,
800 3142 875 3216 in
932 3150 1297 3240 posterum
1370 3142 1835 3236 dimittantur,
1911 3143 2050 3218 nisi
2105 3144 2334 3220 salvis
2387 3145 2718 3221 omnibus
2789 3146 3110 3223 eiusdem
3167 3241 3172 3246 ι

208 3287 477 3340 causae
528 3265 679 3338 litis
732 3266 1073 3363 expensis
1126 3274 1201 3340 et
1249 3267 1389 3342 hoc
1440 3289 1583 3340 non
1640 3267 1783 3340 nisi
1817 3267 1891 3340 in
1928 3269 2258 3362 generali
2313 3266 2672 3365 Capitulo,
2725 3269 2942 3365 idque
2986 3293 3110 3346 ne-

208 3387 396 3461 mine
451 3386 985 3464 contradicente
1042 3397 1257 3484 atque
1312 3397 1799 3486 repugnante;
1871 3390 2190 3486 alioquin
2245 3391 2672 3466 deliberatio
2726 3392 2887 3482 illa,
2941 3391 3112 3468 huic

207 3507 551 3584 videlicet
602 3507 1115 3584 Constitutioni
1169 3511 1551 3606 contraria,
1589 3511 1801 3586 unius
1858 3533 1947 3586 ex
1982 3512 2320 3587 Dominis
2357 3511 2902 3610 Capitularibus
2936 3537 3106 3589 con-

211 3629 637 3705 tradictione
688 3631 893 3706 irrita
946 3639 1057 3706 est
1107 3631 1365 3708 futura.

1455 3941 1802 4044 CLXV.

210 4150 271 4231 Α
340 4153 565 4234 turno
632 4151 1024 4233 iuramenti
1088 4151 1373 4234 nonnisi
1442 4152 1507 4232 in
1574 4153 1911 4253 uenerati
1975 4151 2312 4253 capitulo
2377 4151 2585 4234 liberi
2648 4154 3106 4253 pronuntiari
3243 4243 3246 4246 ,

696 4273 997 4358 debent.
1049 4273 1260 4356 Anno
1317 4273 1527 4356 1593.
1584 4274 1713 4355 Die
1766 4271 2085 4357 sabbati
2140 4275 2190 4356 2
2249 4273 2623 4358 octobris.

418 4482 611 4574 Quia
642 4485 719 4558 in
755 4484 1335 4582 deputationibus
1381 4482 1475 4558 ad
1510 4485 1860 4580 granities
1898 4493 1969 4558 et
2005 4507 2266 4560 causas
2307 4486 2888 4580 iuramentorum,
2932 4486 3109 4562 licet

212 4607 505 4701 negotia
578 4607 733 4682 sive
778 4629 934 4704 per
986 4607 1173 4680 viam
1235 4606 1415 4680 iuris
1475 4630 1607 4703 per
1656 4607 2166 4700 iuramentum,
2242 4609 2396 4680 sive
2469 4630 2600 4704 per
2651 4607 3107 4683 concordiam

211 4729 793 4820 absolvebantur,
830 4726 1295 4804 nihilominus
1330 4736 1567 4802 tamen
1606 4728 1873 4802 multae
1910 4729 2406 4804 contentiones
2445 4736 2518 4802 et
2547 4729 2794 4802 variae
2831 4729 3106 4826 opinio-

210 4874 340 4927 nes
392 4851 533 4925 hac
587 4850 678 4925 de
722 4873 802 4924 re
840 4850 1367 4943 exoriebantur,
1426 4857 1498 4924 et
1550 4850 1876 4924 nonnulli
1924 4873 2015 4922 ex
2051 4848 2552 4926 Confratribus
2587 4873 2632 4923 a
2668 4857 2878 4926 turno
2915 4851 3105 4926 ordi-

213 4974 417 5048 nario
470 4995 898 5070 quocunque
950 4979 1295 5068 tempore,
1352 4971 1565 5045 etiam
1604 4972 1677 5044 in
1716 4969 2074 5069 Capitulis
2130 4971 2514 5046 ordinariis
2548 4971 2762 5046 liberi
2794 4996 3102 5070 pronun-

212 5097 589 5190 tiabantur,
658 5095 783 5168 alii
836 5118 1012 5170 vero
1064 5095 1161 5168 ab
1210 5094 1469 5170 iisdem
1540 5095 1771 5168 turnis
1826 5117 1905 5168 se
1960 5117 2103 5166 non
2157 5095 2316 5167 fore
2368 5094 2642 5168 liberos
2713 5116 3103 5190 conquere-

214 5217 471 5292 bantur
494 5245 519 5290 ε
567 5218 731 5293 ideo
800 5217 1066 5292 talibus
1138 5217 1454 5313 querelis
1522 5217 1807 5291 obviam
1862 5217 1969 5290 ire
2026 5216 2352 5291 volentes
2373 5273 2390 5306 ,
2457 5215 2800 5312 deinceps
2853 5225 2926 5290 et
2978 5239 3102 5313 po-

218 5341 429 5414 steris
482 5341 927 5435 temporibus
982 5363 1123 5413 non
1178 5339 1319 5412 nisi
1370 5339 1444 5412 in
1499 5336 1834 5436 Capitulo
1888 5339 2216 5432 generali
2253 5339 2342 5412 ad
2383 5335 2790 5412 huiusmodi
2839 5337 3104 5412 limites
