4055 6364
1426 776 2010 907 -61-·

263 996 322 1061 et
365 1008 802 1085 expressam,
860 985 952 1060 de
1006 988 1231 1063 verbo
1286 990 1378 1063 ad
1432 991 1730 1065 verbum
1769 988 1860 1065 de
1895 988 2175 1065 indulto
2228 988 2635 1065 huiusmodi
2682 990 3136 1086 mentionem,

261 1118 320 1184 et
364 1108 680 1205 qualibet
731 1109 880 1183 alia
931 1107 1168 1187 dietae
1222 1106 1438 1185 Sedis
1489 1110 1938 1205 indulgentia
1989 1112 2339 1206 generali,
2395 1112 2511 1187 vel
2562 1112 2867 1211 speciali
2902 1113 3137 1189 cuius-

261 1254 514 1327 cunque
565 1231 840 1305 tenoris
893 1232 1195 1323 existat,
1271 1255 1403 1329 per
1453 1254 1663 1328 quam
1718 1234 2225 1328 praesentibus
2288 1256 2429 1309 non
2484 1255 2947 1331 expressum,
3021 1235 3140 1309 vel

259 1352 552 1427 totaliter
623 1374 769 1427 non
838 1353 1184 1429 insertum
1259 1355 1590 1428 effectum
1660 1354 2072 1431 huiusmodi
2140 1354 2421 1449 gratiae
2490 1354 2827 1452 impediri
2898 1355 3140 1431 valeat

261 1474 794 1570 quomodolibet,
852 1474 970 1549 vel
1007 1473 1240 1549 differi
1296 1482 1369 1549 et
1421 1475 1511 1548 de
1567 1497 1707 1571 quo
1762 1476 2110 1573 cuiusque
2164 1485 2316 1551 toto
2352 1485 2604 1553 tenore
2657 1475 2992 1553 habenda
3044 1477 3141 1553 sit

263 1597 322 1670 in
355 1597 614 1671 nostris
650 1596 884 1671 literis
920 1598 1186 1671 mentio
1223 1598 1590 1694 specialis,
1646 1598 1718 1671 in
1756 1599 1987 1673 literis
2040 1599 2561 1695 provisionum,
2619 1599 3135 1694 mandatorum,

261 1718 848 1815 expectativarum
903 1728 974 1793 et
1025 1718 1636 1813 reservationum‚
1713 1728 1784 1793 et
1855 1720 2155 1795 aliarum
2229 1721 2650 1795 facultatum
2723 1720 3137 1797 huiusmodi

261 1841 506 1937 apponi
557 1840 842 1915 solitam
860 1896 879 1933 ,
935 1848 1060 1915 aut
1111 1864 1575 1938 quascunque
1629 1842 1814 1916 alias
1869 1842 2081 1917 etiam
2138 1840 2639 1936 derogatorias
2694 1854 2766 1917 et
2821 1843 3135 1941 prohibi-

262 1963 458 2038 torias
511 1986 642 2038 seu
695 1962 1064 2055 fortiores,
1124 1962 1558 2039 efficatiores
1611 1972 1684 2037 et
1736 1964 2071 2039 insolitas
2126 1963 2493 2040 clausulas
2548 1972 2619 2039 et
2668 1963 3135 2058 adiectiones,

262 2086 446 2159 etiam
499 2084 710 2178 tales,
765 2108 900 2183 per
951 2108 1134 2180 quas
1190 2082 1472 2160 Statuto
1528 2092 1599 2159 et
1652 2083 2111 2160 ordinationi
2165 2084 2597 2179 huiusmodi,
2654 2111 2743 2161 ac
2793 2110 3135 2184 praesen-

261 2208 426 2283 tibus
479 2216 554 2281 et
602 2206 677 2280 in
734 2208 842 2281 eis
897 2207 1252 2281 contentis
1307 2207 1697 2298 clausulis,
1756 2208 2068 2302 singulis
2126 2231 2470 2305 expresse
2525 2207 2881 2304 derogare
2934 2207 3134 2284 vide-

259 2337 446 2417 retur,
519 2329 733 2405 etiam
790 2338 1214 2425 praesentes
1265 2330 1340 2403 in
1394 2329 1544 2403 illis
1601 2330 1691 2403 de
1747 2332 1969 2405 verbo
2044 2328 2137 2402 ad
2191 2330 2493 2408 verbum
2562 2328 2991 2425 inserendo,
3065 2340 3138 2405 et

259 2450 608 2526 intentioni
661 2450 1164 2544 concedentis,
1241 2473 1373 2548 pro
1428 2459 1749 2548 tempore
1804 2452 1912 2525 eis
1966 2451 2157 2525 velle
2232 2450 2587 2545 derogare
2660 2451 3134 2550 exprimendo

259 2573 318 2646 in
350 2597 423 2649 se
459 2573 992 2666 continentium,
1048 2572 1336 2645 minime
1391 2572 1555 2666 cogi
1611 2595 1742 2648 seu
1797 2573 2171 2670 compelli,
2227 2596 2717 2669 censurasque
2754 2583 2825 2649 et
2860 2597 3133 2672 poenas

257 2693 320 2767 in
363 2696 588 2769 literis
642 2696 1169 2792 provisionum,
1226 2694 1816 2787 reservationum,
1873 2694 2454 2787 nominationum,
2510 2695 2953 2787 facultatum,
3008 2720 3131 2771 ex-

259 2818 768 2913 pectativarum,
831 2825 901 2893 et
937 2814 1431 2892 mandatorum
1469 2815 1898 2907 huiusmodi,
1955 2840 2087 2914 per
2138 2838 2603 2913 quoscunque
2642 2840 2774 2913 pro
2810 2825 3133 2915 tempore

261 2941 717 3036 obtentorum,
773 2949 845 3013 et
896 2940 1364 3038 processibus
1418 2939 1731 3037 desuper
1783 2938 2140 3015 habendis
2192 2962 2328 3035 pro
2380 2946 2701 3037 tempore
2758 2948 3133 3017 contentas

259 3068 479 3137 eontra
531 3062 1014 3161 praesentium
1073 3070 1390 3137 tenorem
1446 3061 1734 3136 minime
1791 3068 2159 3136 coarctare
2214 3084 2303 3135 ac
2340 3062 2847 3157 praesentibus
2901 3062 3127 3139 nulla-

261 3194 443 3260 tenus
496 3185 836 3280 derogari
889 3208 1110 3284 posse
1156 3195 1279 3260 aut
1315 3185 1600 3260 debere.
1659 3185 2159 3259 Decernentes
2214 3178 2566 3260 Statutum
2609 3192 2679 3260 et
2716 3182 3128 3262 Ordinatio-

261 3331 398 3382 nem
449 3307 892 3402 huiusmodi,
966 3308 1254 3383 omnino
1311 3314 1658 3404 perpetuo
1714 3307 2090 3381 observari
2144 3305 2449 3400 debere,
2524 3331 2612 3380 ac
2666 3330 3130 3404 quascunque

259 3429 658 3506 collationes
713 3439 784 3505 et
834 3429 1292 3527 provisiones
1347 3429 1514 3504 aliis
1586 3451 1795 3525 quam
1850 3428 2241 3504 Nobilibus
2298 3436 2371 3504 et
2422 3429 2703 3505 duobus
2755 3430 3130 3526 Magistris

261 3552 320 3624 in
355 3552 778 3647 Theologia,
835 3577 923 3627 ac
962 3553 1244 3628 duobus
1277 3553 1354 3627 in
1391 3558 1693 3648 utroque
1732 3551 1847 3625 vel
1887 3551 2119 3626 altero
2156 3550 2207 3626 J
2213 3574 2339 3627 ure
2393 3552 2857 3646 Doctoribus‚
2914 3553 3129 3628 etiam

259 3674 440 3769 alias,
515 3699 726 3772 quam
781 3684 860 3750 ut
914 3677 1317 3772 praefertur
1387 3673 1820 3772 qualificatis
1872 3673 2221 3748 Personis
2275 3696 2407 3770 pro
2463 3681 2783 3771 tempore
2856 3675 3127 3749 facien-

259 3794 390 3891 das,
443 3789 681 3872 nullas
737 3806 808 3871 et
859 3796 1242 3888 invalidas,
1299 3798 1708 3895 nulliusque
1761 3797 2068 3890 roboris,
2128 3796 2244 3870 vel
2300 3795 2637 3870 momenti
2695 3795 2944 3891 sieque
2996 3819 3129 3895 per

257 3941 696 4017 quoscunque
747 3918 799 3994 J
803 3920 1052 3994 udices
1105 3926 1178 3993 et
1231 3917 1787 3995 Commissarios
1809 3975 1826 4009 ,
1903 3919 2117 3992 etiam
2176 3914 2486 3992 Sanctae
2539 3916 2911 3994 Romanae
2981 3918 3121 3993 Ec-

259 4041 497 4116 clesiae
533 4041 965 4116 Cardinales
1002 4066 1090 4115 ae
1128 4040 1526 4115 Causarum
1583 4040 1846 4116 Palatii
1903 4039 2309 4136 Apostolici
2365 4037 2779 4131 Auditores,
2838 4039 3127 4114 sublata

257 4163 349 4236 eis
396 4171 462 4238 et
513 4187 759 4238 eorum
815 4163 1148 4264 cuilibet,
1205 4163 1462 4258 quavis
1515 4163 1727 4238 aliter
1777 4160 2145 4238 iudicandi
2200 4166 2271 4233 et
2323 4160 2846 4257 interpretandi
2898 4161 3125 4238 facul-

259 4295 384 4360 tate
451 4297 521 4362 et
584 4287 1035 4382 authoritate,
1110 4283 1408 4361 iudicari
1466 4292 1539 4359 et
1606 4283 1898 4358 diffiniri
1972 4283 2259 4357 debere.
2335 4282 2623 4357 Irritnm
2697 4306 2981 4379 quoque
3054 4294 3126 4358 et

257 4408 464 4503 inane,
518 4410 584 4484 si
622 4432 838 4486 secus
891 4431 1110 4505 super
1165 4406 1280 4482 his
1327 4429 1372 4479 a
1409 4429 1764 4502 quoquam
1823 4406 2081 4501 quavis
2133 4403 2564 4480 authoritate
2618 4405 2950 4498 scienter,
2988 4407 3123 4516 ‚vel

257 4531 667 4627 ignoranter,
747 4530 1179 4626 contingerit
1249 4529 1602 4602 attentari.
1691 4527 2049 4618 Quocirca
2112 4526 2677 4602 Venerabilibus
2744 4527 3125 4604 Fratribus

259 4653 548 4751 Nostris,
618 4654 1196 4752 Archiepiscopo
1248 4649 1717 4750 Leopoliensi
1770 4675 1858 4724 ac
1913 4648 2397 4724 Asculaneusi
2449 4657 2523 4723 et
2577 4648 3124 4725 Olomonicensi

259 4775 638 4876 Episcopis,
695 4801 827 4875 per
879 4775 1305 4873 Apostolica
1360 4774 1627 4869 scripta
1685 4773 2147 4860 mandamus,
2208 4779 2559 4867 quatenus
2610 4771 2753 4869 ipsi
2806 4772 2926 4848 vel
2980 4771 3123 4848 duo

257 4910 360 4974 aut
405 4925 586 4976 unus
637 4924 881 4976 eorum
938 4922 1070 4996 per
1123 4921 1204 4972 se
1226 4953 1244 4990 ,
1311 4897 1428 4970 vel
1483 4895 1740 4987 alium,
1813 4901 1942 4969 aut
1992 4893 2179 4968 alios
2236 4900 2654 4990 praesentes
2706 4893 2977 4986 literas,
3034 4918 3121 4968 ac

259 5025 466 5098 omnia
519 5035 589 5100 et
641 5022 932 5118 singula
983 5024 1058 5096 in
1114 5021 1224 5095 eis
1277 5026 1634 5112 contenta,
1689 5018 1812 5092 ubi
1868 5024 1940 5091 et
1992 5014 2281 5113 quando
2351 5014 2753 5111 expedierit
2802 5039 2891 5090 ac
2944 5038 3117 5112 quo-

258 5145 353 5218 tis
399 5169 526 5243 pro
578 5156 782 5244 parte
837 5143 1232 5240 Sigismudi
1289 5149 1360 5217 et
1413 5165 1544 5238 pro
1610 5150 1931 5237 tempore
2002 5137 2378 5213 existentis
2443 5136 2793 5211 Poloniae
2866 5137 3115 5232 Regis,

259 5289 332 5340 ae
393 5267 942 5367 Archiepiscopi
1015 5277 1088 5342 et
1138 5265 1666 5364 Episcoporum
1688 5293 1744 5352 ‚·
1779 5263 1990 5338 etiam
2067 5282 2200 5359 pro
2271 5269 2593 5358 tempore
2665 5258 3115 5334 existentium

261 5411 374 5464 neo
443 5414 580 5466 non
659 5389 1158 5488 capitulorum
1241 5388 1768 5484 praedictorum
1840 5407 1972 5460 seu
2043 5382 2349 5458 alicuius
2440 5404 2686 5458 eorum
2706 5437 2725 5476 ,
2807 5380 3120 5480 desuper
