4055 6364
2109 732 2672 811 -142—

942 942 1327 1037 Dominos,
1384 940 1725 1019 Vicarios
1778 943 2116 1040 proprios
2151 950 2225 1019 et
2259 940 2803 1037 Procuratores,
2851 944 2944 1019 ad
2984 926 3230 1021 divina
3281 946 3524 1021 officia
3575 945 3846 1021 decan·

942 1065 1161 1139 tanda
1214 1072 1287 1139 et
1336 1065 1641 1161 quaevis
1712 1065 1953 1141 munia
2022 1066 2228 1163 ipsos
2299 1066 2806 1141 concernentia
2857 1065 2932 1139 iu
2983 1066 3315 1143 absentia
3389 1091 3639 1145 eorum
3709 1091 3850 1165 per

939 1189 1145 1285 ipsos
1198 1188 1567 1281 obeunda,
1640 1188 1838 1263 circa
1888 1188 2078 1263 hanc
2133 1188 2541 1263 Ecclesiam
2595 1210 2738 1261 non
2804 1187 3201 1283 habentes,
3255 1190 3329 1263 in
3384 1189 3576 1265 diem
3633 1212 3844 1287 prae-

940 1316 1215 1385 sentem
1254 1310 1635 1402 incidente,
1690 1309 2106 1387 Reverendi
2158 1310 2454 1385 Domini
2505 1308 2963 1408 Capitulares
3021 1310 3590 1402 considerantes,
3645 1310 3846 1407 quod

939 1432 1228 1529 quidem
1280 1432 1611 1529 inprimis
1663 1432 1915 1507 attinet
1966 1432 2327 1524 Vicarios,
2386 1431 2576 1529 quod
2623 1433 3022 1529 exquisitus
3075 1432 3460 1509 admodum
3514 1433 3846 1511 delectus

938 1578 1073 1652 per
1134 1554 1701 1630 Universitatem
1774 1578 1904 1629 seu
1978 1552 2576 1629 Communitatem
2646 1554 2860 1631 huius
2930 1554 3312 1631 Ecclesiae
3382 1555 3844 1631 Vicariorum

938 1677 1011 1750 in
1054 1676 1261 1751 novis
1314 1676 1751 1773 recipiendis
1802 1675 2124 1753 Vicariis
2177 1676 2507 1753 adhiberi
2560 1678 2815 1771 soleat,
2871 1702 2960 1753 ac
2995 1702 3154 1753 cam
3193 1678 3289 1753 ob
3325 1700 3614 1753 causam
3651 1678 3838 1771 fieri,

939 1808 1018 1875 ut
1052 1822 1409 1895 nunquam
1465 1798 1749 1892 integer
1798 1822 2137 1875 numerus
2192 1821 2434 1874 eorum
2493 1800 2956 1897 compleatur,
3013 1807 3086 1874 et
3122 1799 3366 1874 divina
3417 1800 3661 1875 officia
3695 1823 3844 1874 non

942 1922 1098 1997 sine
1155 1920 1530 1995 multorum
1588 1920 1935 1997 scandalo
1973 1944 2018 1995 a
2057 1921 2308 2019 paucis
2361 1921 2744 1997 admodum
2798 1922 3116 1998 Vicariis
3167 1920 3522 1997 interdum
3577 1921 3844 1995 decan-

940 2050 1207 2119 tentur:
1265 2042 1568 2140 proinde
1622 2042 2108 2139 negligentiae
2147 2050 2217 2117 et
2254 2042 2688 2117 deformitati
2741 2044 2910 2119 huic
2961 2042 3340 2133 Ecclesiae
3394 2042 3606 2117 istius
3659 2050 3842 2117 tam-

943 2190 1151 2264 quam
1192 2166 1574 2263 primariae
1613 2188 1990 2243 occurrere
2024 2164 2376 2260 volentes,
2417 2164 2912 2241 Ordinationis
2947 2164 3356 2240 huiusmodi
3393 2163 3486 2240 de
3521 2164 3846 2243 Vicariis

942 2289 1257 2362 Domino
1313 2288 1617 2363 Decano
1692 2288 2316 2386 praesentantibus
2387 2311 2676 2387 semper
2725 2288 2800 2362 iu
2853 2294 3220 2385 posterum
3285 2286 3840 2385 observandam,

946 2411 1035 2487 de
1090 2410 1406 2485 unanimi
1463 2394 1775 2486 omnium
1830 2434 2190 2485 consensu
2241 2411 2314 2484 in
2369 2410 2510 2485 hoc
2563 2410 2892 2505 generali
2943 2408 3281 2507 Capitulo
3335 2416 3738 2485 statuerunt
3771 2419 3846 2486 et

942 2534 1486 2608 concluserunt:
1545 2540 1624 2607 ut
1669 2532 1970 2628 quilibet
2020 2531 2606 2609 Reverendorum
2663 2532 3135 2609 Dominorum
3188 2554 3330 2607 non
3385 2532 3668 2609 habeus
3711 2532 3842 2608 Vi-

941 2657 1209 2731 carium
1228 2712 1247 2749 ,
1304 2652 1765 2729 Sacerdotem
1830 2656 2016 2729 bene
2069 2666 2419 2729 moratum
2483 2663 2555 2728 et
2608 2653 2700 2728 ad
2755 2653 3001 2729 divina
3055 2654 3321 2730 Officia
3355 2642 3847 2731 'decantanda

942 2783 1157 2873 atque
1214 2776 1663 2875 expedienda
1712 2776 2070 2871 idoneum,
2129 2799 2257 2875 pro
2313 2799 2510 2851 more
2565 2784 2636 2851 et
2683 2777 3202 2853 consuetudine
3253 2780 3484 2855 veteri
3539 2776 3846 2853 Statutis

942 2901 1260 2994 firmata,
1336 2901 1647 2973 Domino
1700 2900 2003 2975 Decano
2059 2923 2190 2996 pro
2241 2908 2564 2997 tempore
2619 2901 2956 2975 existenti
3027 2909 3436 2998 praesentet
3489 2900 3588 2975 ad
3639 2901 3844 2977 insti·

944 3022 1303 3097 tuendum.
1397 3020 1610 3111 Quod
1668 3021 1735 3095 si
1786 3022 2115 3097 examine
2183 3022 2377 3095 facto
2429 3029 2551 3096 aut
2605 3022 2817 3095 etiam
2889 3031 3097 3115 ante,
3171 3022 3366 3120 quod
3422 3023 3846 3120 plerumque

945 3143 1277 3219 accidere
1331 3143 1540 3238 solet,
1598 3166 1641 3218 a
1688 3143 2143 3220 Vicariorum
2197 3143 2724 3220 Communitate
2777 3144 3088 3221 reiectus
3123 3146 3358 3240 fuerit,
3414 3144 3846 3221 Venerabili

948 3266 1287 3364 Capitulo
1348 3289 1480 3363 per
1542 3264 1985 3342 Canonieum
2053 3275 2629 3365 praesentantem
2697 3291 2783 3342 ea
2842 3291 2964 3343 res
3025 3275 3463 3365 exponatur:
3533 3269 3660 3364 qui
3711 3266 3844 3344 Sa·

944 3389 1205 3464 cerdos
1274 3397 1775 3485 praesentatus
1844 3390 2113 3466 iudicio
2187 3391 2563 3488 capitulari
2643 3391 2724 3466 si·
2775 3389 2871 3464 ad
2925 3389 3171 3466 divina
3241 3391 3482 3466 officia
3551 3392 3630 3466 in
3699 3391 3846 3466 hac

944 3511 1283 3586 Ecclesia
1338 3511 1787 3586 decantanda
1841 3521 1913 3586 et
1946 3512 2396 3590 absolvenda
2447 3512 2751 3586 idoneus
2803 3522 3133 3610 repertus
3183 3513 3418 3606 fuerit,
3473 3514 3616 3588 iam
3671 3513 3846 3587 talis

946 3630 1360 3708 Canonicus
1412 3633 1823 3708 huiusmodi
1874 3644 2350 3734 praesentans
2413 3631 2874 3709 Sacerdotem
2933 3635 3200 3709 iudicio
3255 3635 3637 3733 capitulari
3689 3636 3844 3710 ido-

954 3779 1187 3847 neum,
1244 3756 1499 3852 poenis
1534 3779 1677 3830 non
1714 3756 2147 3832 habentibus
2200 3766 2273 3831 et
2317 3779 2457 3830 non
2513 3756 3138 3854 praesentantibus
3189 3755 3528 3834 Vicarios
3565 3757 3640 3830 in
3677 3755 3828 3832 Sta·

946 3879 1115 3953 tutis
1172 3877 1557 3976 descriptis
1626 3901 1766 3952 non
1822 3880 2262 3972 subiacebit,
2355 3879 2742 3976 quinimmo
2813 3879 2998 3952 liber
3051 3879 3144 3954 ab
3196 3878 3454 3953 iisdem
3521 3878 3844 3954 Decreto

948 4001 1310 4098 praesenti
1362 4001 1879 4099 pronuntiatur,
1936 4024 2022 4076 ea
2058 4025 2185 4094 res⁸
2212 4024 2386 4076 vero
2440 4001 2530 4075 ad
2587 4000 3160 4076 Illustrissimum
3215 3999 3604 4075 Dominum
3657 4001 3844 4075 Loci

950 4121 1407 4197 Ordinarium
1464 4146 1595 4220 pro
1649 4131 1970 4221 tempore
2024 4125 2443 4198 existentem
2484 4145 2614 4219 per
2651 4121 3060 4219 Capitulum
3115 4145 3401 4220 semper
3455 4123 3842 4198 deferetur.

946 4243 1125 4316 Item
1182 4250 1580 4320 statuerunt
1629 4245 2039 4322 Revereudi
2093 4245 2388 4319 Domini
2423 4245 2563 4320 hoc
2599 4245 2850 4319 eodem
2907 4244 3272 4342 praesenti
3333 4246 3640 4319 Decreto
3693 4241 3844 4318 me-

948 4365 1189 4441 diante
1232 4375 1581 4463 perpetuo
1619 4367 2169 4461 observandum,
2226 4375 2303 4441 ut
2336 4367 2674 4462 Vicariis‚
2733 4369 2856 4463 qui
2889 4373 3013 4442 aut
3047 4366 3342 4442 fundum
3395 4389 3540 4440 non
3573 4367 3849 4442 habent

947 4488 1349 4586 proprium,
1408 4497 1530 4563 aut
1582 4489 1649 4563 si
1698 4489 1999 4584 habent,
2056 4498 2294 4564 tamen
2351 4491 2445 4565 ob
2499 4513 2644 4564 non
2697 4489 3124 4565 solutionem
3181 4488 3359 4563 nihil
3411 4490 3844 4586 percipiunt,

950 4633 1191 4685 eorum
1248 4608 1599 4685 Canonici
1670 4612 1955 4688 tametsi
2008 4612 2346 4706 exiguum
2419 4611 2632 4685 etiam
2686 4612 3002 4685 habeant
3053 4609 3348 4686 fundum
3402 4617 3526 4686 aut
3577 4611 3844 4704 dotem,

950 4739 1113 4807 octo
1186 4731 1475 4806 Marcas
1547 4733 1893 4830 pecuniae
1964 4758 2097 4831 pro
2168 4757 2405 4809 annuo
2476 4734 2744 4809 salario
2829 4756 3115 4831 semper
3200 4733 3370 4808 dare
3443 4741 3844 4826 teneantur,

950 4855 1233 4951 sintque
1287 4854 1633 4950 adstricti,
1688 4863 1973 4954 tempus
2036 4858 2623 4954 peremptorium,
2678 4857 2866 4931 infra
2919 4855 3111 4951 quod
3165 4855 3462 4932 Domini
3515 4879 3656 4930 non
3713 4855 3846 4931 ha-

948 4977 1204 5051 bentes
1239 4975 1577 5067 Vicarios
1622 4977 1717 5051 ad
1764 5002 1949 5071 eum,
2005 4986 2086 5055 ut
2139 4979 2609 5077 praemissum
2666 4987 2798 5072 est,
2853 4976 3139 5053 modum
3196 5000 3323 5053 eos
3379 4986 3850 5076 praesentare

952 5107 1021 5172 et
1054 5099 1321 5173 habere
1362 5099 1648 5173 omnino
1704 5100 1989 5195 debent,
2046 5102 2305 5176 festum
2343 5099 2419 5175 S.
2457 5102 2842 5176 Michaelis
2886 5101 3211 5199 proxime
3251 5110 3624 5177 venturum
3659 5103 3850 5178 alias

948 5221 1290 5315 generale
1346 5221 1753 5318 Capitulum
1810 5231 1979 5296 tunc
2029 5224 2383 5298 celebrari
2437 5233 2878 5316 consuetum,
2937 5224 3443 5320 praefigentes.
3499 5221 3852 5322 Alioquin

949 5343 1093 5416 nisi
1144 5345 1419 5418 interea
1474 5345 1817 5444 temporis
1870 5345 2108 5420 dictos
2161 5346 2540 5422 habuerint
2587 5339 3181 5442 Vicarios,'cit1·a
3239 5345 3650 5422 ulteriorem
3705 5347 3848 5422 iam
