4055 6364
1349 775 1454 787 —
1566 724 1714 807 109
1819 772 1928 808 -‹.

221 939 812 1015 distributionibus
867 947 939 1014 et
992 939 1530 1036 provisionibus
1600 920 1934 1013 villarum
2009 936 2697 1035 praestimonialium
2766 962 2860 1013 ex
2908 962 3099 1015 nunc

222 1069 283 1135 ct
324 1060 658 1159 deinceps
728 1062 1103 1161 perpetuis
1174 1062 1435 1138 futuris
1507 1062 1950 1160 temporibus
2022 1061 2183 1135 fieri
2253 1068 2325 1135 et
2384 1061 2759 1136 observari
2832 1061 3101 1137 debere

223 1181 868 1279 pronuntiaverunt:
923 1180 1002 1257 u't
1053 1182 1394 1258 videlicet
1445 1184 1828 1259 vacatione
1882 1206 2127 1258 eorum
2182 1190 2627 1277 occurrente,
2680 1206 2825 1259 non
2876 1190 3099 1259 voca-

221 1308 386 1378 tione
419 1312 488 1378 et
523 1306 748 1401 seni0,
808 1305 939 1380 sed
978 1304 1252 1381 Ordine
1309 1329 1518 1381 sacro
1573 1305 1792 1403 prior,
1847 1328 1978 1379 seu
2015 1304 2200 1379 alias
2236 1328 2377 1379 non
2416 1305 2559 1379 nisi
2593 1306 2717 1402 qui
2753 1305 2830 1379 in
2864 1304 3103 1401 gradu

222 1426 624 1502 sacerdotali
677 1436 751 1502 et
802 1436 966 1503 actu
1019 1435 1324 1502 cantans
1378 1428 1594 1504 fuerit
1647 1427 2097 1521 constitutus,
2152 1427 2220 1501 is
2256 1427 2536 1502 demum
2592 1426 2686 1501 ad
2739 1429 3098 1526 provisio-

227 1572 364 1625 nem
417 1558 488 1625 et
538 1552 1064 1628 assecutionem
1120 1550 1366 1627 Villae
1436 1552 1762 1626 vacantis
1832 1549 2115 1625 admitti
2188 1548 2517 1645 debebit,
2588 1549 2811 1625 iidem
2862 1550 3098 1625 Reve-

222 1673 400 1748 rendi
447 1673 743 1749 Domini
804 1682 1053 1749 sancte
1108 1674 1605 1767 sanciverunt,
1663 1680 2066 1749 statuerunt
2116 1678 2189 1747 et
2242 1673 2732 1768 decreverunt,
2787 1671 2978 1749 Actu
3030 1682 3105 1747 et

222 1794 508 1871 Decreto
557 1797 932 1896 praesenti
983 1795 1365 1871 mediante.

1475 2108 1878 2210 CXXVI.

223 2317 314 2397 ne
364 2316 738 2417 explendis
795 2336 934 2418 per
987 2316 1426 2399 residentes
1483 2315 1827 2399 nominos
1885 2314 1979 2396 ad
2037 2316 2302 2398 Aitare
2358 2316 2597 2399 maius
2654 2316 2909 2401 Hissis
2964 2333 3098 2418 pro

410 2439 892 2537 absentibus,
952 2441 1036 2522 et
1090 2438 1402 2522 easdem
1460 2437 1745 2521 Missas
1804 2437 2377 2539 nenliuentibus,
2436 2439 2879 2522 declaratio.

399 2648 842 2725 Franciscus
897 2647 1297 2724 Krasinski
1351 2650 1496 2723 Dei
1530 2649 1767 2744 gratia
1804 2648 2219 2745 Episcopus
2274 2648 2809 2743 Cracoviensis‚
2869 2649 3099 2745 signi-

219 2770 490 2847 ficamus
543 2772 1048 2870 praesentibus
1104 2771 1336 2847 literis
1389 2771 1681 2845 nostris.
1741 2769 2081 2846 Oblatum
2140 2794 2303 2845 esse
2360 2772 2571 2847 nobis
2623 2772 2907 2847 nomine
2952 2770 3099 2846 Ve-

220 2896 538 2971 nerabilis
574 2894 893 2993 Capituli
927 2895 1158 2971 nostri
1196 2894 1707 2969 Cracoviensis
1763 2891 2119 2969 Statntum
2172 2894 2361 2968 infra
2415 2895 2781 2992 scriptum,
2841 2891 3102 2989 Sigillo

220 3017 514 3093 eiusdem
571 3017 892 3117 Capituli
946 3018 1453 3093 communitum
1511 3024 1582 3091 et
1635 3016 2134 3111 obsignatum,
2208 3026 2422 3113 atque
2476 3041 2522 3090 a
2577 3018 2787 3092 nobis
2856 3025 3100 3115 postu-

217 3138 414 3216 latum
467 3165 656 3236 esse,
711 3142 902 3218 utin
936 3141 1076 3217 hoc
1130 3141 1366 3240 ipsum
1425 3137 1777 3216 Statutum
1837 3138 2427 3236 consentiremus,
2482 3140 2803 3236 illudque
2852 3138 3099 3215 autho-

217 3261 406 3338 ritate
465 3273 715 3340 nostra
785 3265 1149 3339 ordinaria
1219 3263 1626 3361 approbare
1683 3269 1754 3336 et
1807 3262 2230 3336 confirmare
2303 3262 2785 3357 dignaremur.
2876 3260 3103 3338 Cuius

219 3386 479 3480 quidem
535 3385 797 3463 Statuti
852 3387 942 3462 de
996 3386 1218 3461 verbo
1273 3385 1362 3460 ad
1419 3386 1714 3460 verbum
1771 3392 1976 3458 tenor
2046 3386 2369 3480 sequitur
2422 3394 2493 3460 et
2548 3394 2660 3460 est
2712 3383 3100 3461 eiusmodi:

406 3507 754 3585 Statutum
803 3509 895 3584 de
940 3509 1318 3607 explendis
1373 3533 1506 3606 per
1555 3508 1959 3583 residentes
2011 3509 2369 3582 Dominos
2421 3506 2513 3582 ad
2561 3506 2815 3584 Altare
2868 3507 3103 3582 maius

218 3629 446 3707 Missis
480 3655 614 3731 pro
652 3631 1094 3726 absentibus,
1137 3641 1208 3706 et
1237 3630 1525 3704 easdem
1568 3629 1840 3703 Missas
1877 3630 2417 3724 negligentibus
2454 3629 2817 3704 Praelatis
2852 3637 2925 3704 et
2960 3626 3101 3703 Ca-

217 3755 476 3830 nonicis
526 3756 600 3830 in
656 3755 996 3830 Ecclesia
1051 3753 1542 3845 Cracoviensi,
1600 3750 1813 3827 Anno
1878 3749 2075 3826 1577
2130 3753 2205 3827 in
2258 3751 2597 3851 Capitulo
2650 3751 3099 3827 Purificatio-

217 3875 320 3950 nis
371 3873 673 3953 Sanctae
726 3877 1003 3954 Mariae
1057 3880 1251 3952 facta
1305 3876 1722 3951 declaratio.

410 3999 762 4090 Quoniam
802 4025 944 4076 non
983 4003 1138 4076 sine
1166 4001 1378 4096 gravi
1406 3998 1679 4074 Christi
1704 3997 2022 4072 fidelium
2054 3997 2419 4089 scandalo,
2461 3999 2552 4072 ob
2584 3996 3099 4092 negligentiam

218 4123 599 4198 absentium
653 4123 1156 4198 Praelatorum
1214 4131 1284 4197 et
1338 4121 1864 4196 Canonicorum
1917 4118 2009 4192 a'b
2046 4119 2185 4192 hac
2222 4119 2558 4194 Ecclesia
2606 4117 3097 4212 Cracoviensi,

219 4244 591 4319 celebratio
619 4245 1006 4320 Missarum
1047 4243 1137 4317 ad
1169 4242 1420 4318 Altare
1448 4243 1678 4317 maius
1705 4242 1906 4315 iuxta
1933 4241 2168 4315 vicem
2196 4265 2325 4316 seu
2352 4249 2635 4316 turnum
2665 4239 3101 4315 ordinarium

217 4365 808 4444 hebdomadarum
864 4391 998 4466 pro
1034 4367 1264 4441 veteri
1309 4375 1382 4440 et
1415 4365 1768 4440 laudabili
1817 4364 2357 4455 consuetudine,
2414 4351 2807 4460 quemlibet
2857 4385 3102 4438 eorum

219 4491 602 4584 contigerit,
649 4490 1287 4566 intermittebatur:
1343 4485 1754 4562 Reverendi
1810 4485 2105 4560 Domini
2162 4485 2570 4584 Capitulum
2623 4486 2697 4559 in
2738 4485 3103 4582 praesenti

216 4612 526 4705 generali
564 4609 902 4710 Capitulo
939 4610 1473 4687 Purificationis
1511 4607 1782 4683 Beatae
1829 4607 2107 4706 Mariae
2147 4608 2500 4703 Virginis,
2538 4605 2753 4682 Anno
2793 4606 3105 4682 currenti

219 4735 588 4830 celebrato,
625 4733 795 4840 liuic
831 4735 938 4808 rei
973 4756 1350 4809 occurrere
1389 4732 1739 4824 volentes,
1785 4728 2066 4805 Statuta
2104 4729 2269 4822 du0,
2319 4731 2621 4805 alterum
2658 4730 2827 4804 olim
2866 4729 3102 4805 Reve-

216 4855 614 4932 rendissimi
666 4856 964 4932 Domini
1015 4856 1324 4932 Joannis
1381 4852 1806 4949 GrothoniS,
1864 4852 2058 4949 quod
2096 4853 2388 4949 incipit:
2456 4851 2821 4946 „Praelati
2858 4860 2929 4925 et
2963 4851 3101 4924 Ca-

217 4980 446 5054 nonici
469 4979 957 5055 tantummodo
994 4978 1562 5054 Cracovienses“
1603 4984 1766 5071 etc.,
1807 4975 2109 5050 alterum
2138 4997 2312 5048 vero
2344 4983 2665 5070 tempore
2702 4973 2871 5048 olim
2903 4972 3107 5047 Petri

221 5100 302 5176 de
337 5099 706 5177 Gamratis
741 5101 1268 5200 Episcoporum
1310 5099 1924 5192 Cracoviensium,
1964 5097 2179 5171 Anno
2216 5095 2512 5170 Domini
2553 5092 2773 5185 1541,
2822 5095 2965 5168 Die
3008 5089 3105 5167 14·

222 5219 570 5318 Octobris,
619 5223 810 5321 quod
850 5224 1139 5321 incipit:
1199 5221 1528 5312 „Placuit
1570 5222 1950 5296 Dominis“
2006 5229 2168 5315 etc„
2214 5219 2290 5293 in
2326 5218 2468 5293 hac
2514 5216 2815 5293 materia
2849 5217 2995 5290 lata
3032 5223 3105 5290 et

217 5346 682 5444 promulgata,
721 5347 796 5421 in
825 5369 987 5423 eum
1015 5344 1302 5421 modum
1331 5342 1782 5443 explicanda,
1822 5341 2256 5442 amplianda,
2296 5339 2649 5437 novisque
2684 5337 2940 5440 poenis
2976 5360 3103 5412 au-
