4055 6364
1378 764 1947 841 -253—

420 972 832 1071 Disciplina
904 972 1344 1071 Capitularis
1409 998 1453 1047 a
1506 973 1899 1049 maioribus
1970 980 2337 1071 usurpata,
2412 973 2848 1067 restituatur,
2903 980 2982 1048 ut
3033 972 3110 1047 in

202 1094 549 1193 Capitulo
620 1095 860 1168 omnia
931 1093 1183 1169 ordine
1255 1105 1327 1169 et
1397 1094 1581 1169 eitra
1652 1095 1971 1170 cuiusvis
2042 1096 2372 1171 iniuriam
2447 1095 2568 1169 vel
2621 1094 3110 1173 ‘offensionem

199 1224 669 1314 peragantur.
745 1215 1182 1293 Praesidens
1253 1217 1328 1291 in
1400 1215 1738 1314 Capitulo
1810 1239 1995 1313 quae
2072 1217 2446 1290 tractanda
2511 1224 2679 1291 sunt
2729 1223 3106 1313 proponat,

198 1338 389 1412 illud
442 1345 679 1412 autem
733 1338 1117 1433 diligenter
1168 1337 1511 1431 attendat,
1584 1346 1662 1415 ut
1714 1339 2118 1435 spiritualia
2172 1339 2441 1436 prime,
2519 1335 2780 1413 deinde
2833 1344 3108 1433 tempo-

198 1460 395 1533 ralia
445 1468 979 1556 proponantur-3
1054 1459 1211 1534 sine
1264 1460 1559 1533 licentia
1612 1460 2110 1536 Praesidentis
2164 1483 2374 1534 nemo
2427 1459 2701 1556 aliquid
2755 1459 2832 1533 in
2887 1457 3106 1556 Capi-

200 1581 361 1657 tulo
420 1604 821 1678 proponere
874 1582 1159 1672 audeat,
1216 1588 1339 1656 aut
1390 1581 1465 1654 in
1519 1581 1821 1656 alterius
1858 1583 2284 1656 sententiam
2321 1582 2566 1656 verbis
2601 1580 2950 1675 involare,
2987 1581 3110 1653 vel

196 1703 519 1799 aliquem
595 1703 818 1776 verbo
888 1702 1235 1777 iniurioso
1307 1702 1695 1805 lacessere.
1770 1699 1846 1776 Si
1924 1703 2087 1798 quis
2162 1710 2412 1776 contra
2483 1701 2624 1776 hoc
2700 1699 3105 1796 deliquerit,

200 1824 526 1898 Decreto
581 1822 989 1921 Capitulum
1041 1824 1118 1896 in
1174 1846 1333 1898 eum
1390 1821 1783 1899 secundum
1840 1821 2122 1899 Statuta
2175 1819 2724 1897 animadvertat.

418 1945 621 2019 Nihil
676 1954 787 2019 est
841 1944 1033 2041 quod
1087 1969 1134 2019 a
1185 1942 1701 2019 Sacerdotibus
1760 1946 1897 2018 Dei
1949 1944 2185 2039 magis
2237 1944 2549 2019 alienum
2607 1965 2770 2017 ess-e
2818 1940 3106 2035 debeat,

196 2067 331 2163 qui
385 2066 805 2163 mysterium
860 2065 1472 2140 reconciliationis
1524 2073 1854 2157 tractant,
1914 2089 2126 2162 quam
2183 2066 2622 2157 simultates,
2679 2064 2884 2155 odia,
2941 2086 3107 2137 ran-

196 2209 442 2281 cores,
518 2188 1013 2283 suspiciones,
1088 2196 1237 2262 tum
1292 2179 1478 2283 quae
1533 2210 1622 2261 ex
1676 2187 1769 2261 iis
1822 2194 2214 2261 naseuntur
2285 2187 2510 2260 verba
2563 2184 3106 2279 contumeliosa,

197 2310 547 2402 convitia,
604 2308 1149 2383 diffamationes.
1207 2309 1521 2383 Proinde
1577 2307 1944 2382 hortamur
1994 2330 2246 2381 omnes
2285 2315 2356 2381 et
2391 2306 2741 2405 singulos,
2796 2312 2877 2379 ut
2911 2299 3110 2381 amo·

194 2453 358 2504 rem
412 2430 801 2504 fraternum
875 2430 1063 2503 inter
1116 2453 1196 2504 se
1252 2439 1683 2505 conservent
1740 2439 1811 2505 et
1863 2429 2208 2504 honorem
2262 2434 2582 2503 mutuum
2633 2427 2899 2522 ubique
2953 2434 3107 2500 tue-

194 2558 442 2626 antur.
536 2548 615 2624 Si
671 2552 833 2647 quis
886 2551 1299 2627 inimicitias
1352 2560 1605 2637 contra
1657 2555 1957 2627 alterum
2013 2553 2266 2625 fovere
2320 2548 2814 2647 deprehensus
2868 2548 3106 2641 fuerit,
3253 2628 3263 2637 ‚

196 2690 339 2769 per
394 2672 805 2768 Capitulum
860 2674 1062 2747 iuxta
1112 2674 1408 2769 antiqua
1461 2675 1779 2749 Decreta
1832 2674 2189 2771 puniatur.

422 2792 612 2882 Quia
666 2814 808 2867 non
864 2793 1072 2867 decet
1135 2818 1539 2891 quenquam
1613 2794 2101 2893 Capitularem
2175 2789 2459 2867 Statuta
2531 2789 2850 2889 Capituli
2900 2790 3106 2885 igno·

196 2936 428 2988 rare:
484 2914 874 2988 innitentes
943 2912 1224 2989 Statuto
1278 2917 1571 3012 antiquo
1645 2916 1735 2991 de
1788 2914 2124 3011 legendis
2178 2912 2480 2989 Statutis
2531 2913 2762 3009 prima
2815 2911 2934 2986 dic
2986 2934 3108 2985 cu-

196 3036 608 3131 iuscunque
662 3034 1001 3132 Capituli,
1060 3035 1509 3127 ordinamus,
1588 3046 1663 3112 ut
1715 3038 1955 3112 omnia
2031 3034 2314 3110 Statuta
2364 3035 2438 3108 in
2494 3041 2642 3109 tres
2698 3042 2943 3130 partes
2998 3031 3107 3107 di-

197 3156 569 3232 vidantur.
648 3156 891 3231 Prima
968 3180 1141 3254 pars
1194 3154 1627 3256 Statutorum
1702 3158 2245 3257 Episcopalium
2301 3164 2374 3231 et
2426 3154 2944 3254 Capitularium
3000 3153 3108 3227 in-

196 3287 415 3373 tegre
467 3279 753 3371 legatur
806 3300 937 3376 pro
985 3279 1173 3352 festo
1228 3277 1759 3354 Purificationis
1814 3280 1897 3354 B.
1937 3280 2248 3375 Mariae3
2299 3275 2634 3352 Secunda
2672 3275 3107 3350 Statutorum

200 3398 735 3495 Capitularium
788 3421 921 3496 pro
976 3399 1163 3474 festo
1220 3396 1297 3474 S.
1353 3397 1697 3474 Stanislai
1748 3401 1822 3474 in
1879 3401 2099 3494 Mai03
2160 3401 2414 3474 Tertia
2451 3397 2913 3490 Statutorum,
2959 3399 3110 3470 De-

158 3528 564 3594 ·cretorum
620 3519 1140 3616 Capitularium
1196 3522 1763 3618 praecipuorum,
1822 3545 1957 3618 pro
2014 3524 2206 3597 festo
2261 3523 2333 3596 S.
2391 3519 2778 3594 Michaelis
2827 3519 3110 3612 integre

198 3641 519 3734 legatur.

420 3760 819 3854 Privilegia
874 3760 1295 3858 posteriora,
1352 3768 1500 3835 tum
1555 3747 1988 3836 munimenta
2042 3762 2282 3836 omnia
2333 3763 2635 3837 limitum
2690 3769 3107 3836 controver-

201 3885 503 3975 siarum,
579 3904 765 3977 quae
818 3903 959 3956 non
1024 3888 1191 3957 sunt
1242 3883 1589 3979 inscripta
1644 3883 1718 3957 in
1772 3884 2164 3978 volumina,
2225 3883 2682 3979 colligantur,
2740 3889 2812 3956 et
2863 3881 2984 3955 vel
3035 3881 3111 3955 in

201 4003 466 4079 eadem
540 4001 839 4098 antiqua
908 4002 1312 4094 volumina,
1389 4004 1506 4076 vel
1558 4005 1633 4077 in
1687 4028 1878 4080 nova
1942 4004 2038 4079 ad
2093 4029 2255 4080 eam
2307 4027 2460 4079 rem
2514 4011 2932 4100 comparata
2986 4000 3128 4102 de·-

202 4124 645 4202 scribantur.

420 4244 736 4319 Maxime
808 4245 1023 4326 etiam
1104 4245 1590 4322 necessarium
1678 4245 2130 4339 arbitramur,
2206 4254 2283 4320 ut
2345 4246 2510 4321 libri
2585 4244 3111 4319 Beneficiorum

201 4391 385 4467 pars
456 4366 709 4456 altera,
785 4388 970 4461 quae
1042 4373 1155 4439 est
1204 4367 1280 4439 in
1334 4389 1613 4465 papyro
1684 4368 1974 4464 scripta,
2055 4374 2203 4441 tum
2271 4367 2460 4442 liber
2529 4366 3107 4458 Retaxationum,

202 4490 338 4586 qui
388 4489 533 4563 iam
586 4509 727 4562 usu
780 4494 891 4562 est
943 4487 1228 4563 attritus
1282 4496 1354 4564 et
1406 4489 1787 4581 laceratus,
1860 4489 1935 4560 in
1990 4488 2423 4563 membranis
2474 4489 2787 4563 fideliter
2837 4487 3112 4562 descri-

206 4611 458 4686 batur.
658 4619 669 4630 ‘
1079 4614 1084 4619 ’

428 4730 643 4820 Quod
717 4731 791 4804 in
859 4729 1093 4827 prima
1162 4729 1598 4805 Visitatione
1650 4755 1695 4804 a
1747 4730 2311 4828 praedecessore
2383 4737 2629 4804 nostro
2702 4726 3108 4802 ordinatum

210 4859 350 4942 est,
410 4873 501 4924 ne
552 4851 898 4924 videlicet
952 4849 1290 4924 mulieres
1356 4857 1737 4946 suspectae
1806 4851 1877 4923 in
1936 4851 2270 4924 domibus
2325 4849 2852 4925 Canonicorum
2905 4846 3114 4922 habi-

208 4979 471 5046 tarent:
526 4969 717 5046 idem
771 4971 987 5045 etiam
1023 4968 1115 5043 ad
1152 4971 1447 5045 cellaria
1501 4972 1635 5044 sub
1672 4959 2003 5044 domibus
2056 4970 2330 5045 eisdem
2367 4971 2770 5063 existentia,
2809 4975 3109 5067 propter

212 5091 626 5167 evitandam
683 5114 962 5166 omnem
1002 5091 1317 5188 speciem
1372 5089 1544 5165 mali
1579 5099 1650 5164 et
1683 5089 2130 5165 honestatem
2169 5089 2764 5186 conservandam,
2822 5087 3115 5164 extendi

213 5211 573 5287 volumus.
