4055 6364
1376 764 1940 844 —117-

247 981 588 1049 tecessore
642 996 775 1049 suo
828 982 1150 1073 accept0,
1206 984 1284 1052 ut
1337 974 1692 1052 Statutum
1747 974 2087 1075 disponit,
2142 977 2311 1073 quia
2364 984 2511 1053 tum
2562 976 2833 1069 labore,
2890 998 3113 1072 opera

237 1102 300 1169 et
343 1095 558 1190 fatiga
612 1096 765 1171 suis
820 1096 1171 1172 eiusmodi
1225 1106 1614 1173 sementem
1667 1098 1930 1172 facturi
1984 1096 2176 1199 sunt)
2230 1097 2419 1173 tales
2472 1097 3107 1193 conseminabunt3

242 1216 799 1315 antecessoribus
869 1218 1022 1294 suis
1091 1244 1182 1295 ex
1223 1220 1602 1297 eiusmodi
1671 1220 2045 1295 seminatis
2112 1228 2435 1319 tempore
2504 1221 2767 1295 messis
2828 1221 3109 1295 futurae

235 1336 678 1414 nihilomnino
745 1340 1187 1437 respondere
1257 1343 1686 1417 tenebuntur
1747 1364 1981 1438 neque
2055 1342 2453 1417 debebunt:
2528 1341 2747 1439 idque
2820 1364 3106 1439 semper

235 1461 300 1535 in
329 1470 686 1559 posterum
738 1463 1120 1539 tenendum
1174 1472 1248 1539 01
1302 1464 1832 1541 observandum
1887 1464 2345 1540 unanimibus
2397 1464 2587 1539 votis
2637 1463 3109 1539 decreverunt

235 1590 298 1659 et
342 1584 857 1661 concluserunt.

1404 1790 1904 1896 CXXXIII.

231 1997 322 2081 ne
389 1998 831 2102 recipiendis
909 1999 1203 2083 noviter
1264 1999 1364 2083 ad
1399 1999 1888 2207 5Eff'gfflmu
1927 2000 2337 2083 statutum.
2409 2000 2618 2082 Anno
2689 1999 2904 2083 1580.
2979 1998 3107 2081 Die

1561 2144 1606 2207 0
1655 2143 1911 2207 ruat-n.

409 2330 584 2409 Cum
639 2334 1054 2429 frequenter
1107 2334 1198 2409 de
1256 2333 1665 2409 inductione
1729 2333 2061 2427 testium,
2098 2328 2104 2333 ’
2137 2334 2259 2428 qni
2312 2339 2384 2406 et
2438 2333 2691 2429 quales
2745 2356 2913 2408 esse
2978 2332 3101 2407 de-

225 2454 422 2528 beant
470 2456 560 2530 ad
614 2456 1062 2554 probandam
1136 2456 1584 2534 nobilitatem
1659 2458 1855 2532 circa
1926 2456 2411 2553 receptionem
2484 2456 2977 2531 Praelatorum
3035 2464 3108 2529 et

226 2572 729 2652 Canonicorum
781 2578 995 2653 110100
1047 2578 1467 2674 Ecclesiae,
1541 2580 1616 2652 10
1677 2579 1821 2654 1100
1871 2577 2295 2653 Venerabili
2366 2575 2704 2674 Capitulo
2777 2577 3105 2674 quaestio

226 2698 623 2795 exoriretur,
679 2700 772 2774 ad
809 2700 1447 2797 probationemque
1492 2707 1564 2775 et
1598 2702 1998 2775 iuramenta
2046 2697 2452 2774 huiusmodi
2486 2707 2941 2797 praestantes
2975 2721 3108 2796 per

221 2820 501 2896 abusum
555 2820 912 2917 quendam
982 2823 1194 2923 etiam
1245 2822 1478 2916 ignoti
1549 2821 1975 2919 quandoque
2011 2824 2257 2919 ‚testes
2310 2820 2889 2919 admitterentur3
2959 2819 3102 2894 Re-

223 2944 500 3018 verendi
551 2943 850 3019 Domini
902 2945 974 3018 in
1027 2946 1170 3020 1100
1220 2944 1552 3041 generali
1606 2942 1944 3041 Capitulo
2001 2944 2449 3039 congregati,
2502 2944 2890 3019 innitentes
2943 2939 3103 3017 Sta-

217 3064 376 3141 tutis
423 3065 662 3161 Regni
712 3074 782 3141 et
817 3075 1134 3142 veterem
1199 3067 1785 3145 consuetudinem
1840 3066 1978 3141 hac
2029 3066 2107 3140 in
2160 3074 2363 3164 parte
2414 3066 2869 3160 innovantes,
2927 3088 3101 3139 con·

221 3187 541 3264 cordibus
595 3190 974 3265 sententiis
1029 3191 1502 3268 decreverunt
1571 3190 1940 3289 perpetuis
2014 3189 2457 3288 temporibus
2527 3189 3099 3264 observandum:

216 3315 288 3382 ut
333 3307 647 3386 Praelati
699 3319 772 3386 et
825 3309 1176 3388 Canonici
1247 3315 1460 3390 huius
1531 3312 1910 3388 Ecclesiae
1975 3310 2437 3387 Cathedralis
2504 3311 2597 3386 ad
2652 3310 3101 3410 probandam

215 3431 641 3507 nobilitatem
699 3456 903 3509 suam
959 3435 1310 3511 eiusmodi
1362 3443 1590 3510 testes
1643 3457 1859 3509 veros
1929 3433 2241 3509 Nobiles
2293 3441 2366 3508 et
2418 3434 2653 3508 bonae
2706 3434 2942 3508 famae
2994 3432 3101 3507 in·

217 3550 483 3650 ducant,
539 3555 665 3652 qui
717 3563 840 3630 aut
895 3556 986 3630 de
1040 3555 1254 3632 domo
1306 3566 1430 3631 aut
1476 3555 1568 3631 de
1606 3557 1831 3654 stirpe
1887 3579 2132 3631 eorum
2188 3563 2490 3653 paterna
2541 3555 2942 3654 procreati,·
2980 3562 3105 3630 aut

216 3677 738 3772 consanguinei,
796 3679 915 3753 vel
970 3679 1225 3755 saltem
1276 3679 1350 3754 in
1387 3679 1516 3770 illo
1569 3677 2002 3773 Palatinatu,
2052 3679 2127 3753 in
2176 3701 2317 3777 quo
2370 3677 2723 3776 praedicti
2776 3677 3099 3752 Praelati

217 3803 284 3868 et
333 3793 674 3874 Canonici
727 3800 876 3875 nati
929 3808 1130 3896 sunt,
1186 3802 1371 3877 bene
1425 3800 1990 3898 possessionati,
2047 3809 2170 3876 aut
2224 3800 2442 3876 etiam
2497 3799 2759 3874 fratres
2814 3800 2957 3873 sint
3008 3798 3101 3874 de

211 3921 474 4010 gremio
533 3920 890 4020 Capituli,
965 3924 1436 4022 omnibusque
1489 3923 1763 4021 liquido
1817 3931 2134 4017 constet,
2208 3923 2737 4020 praedictorum
2812 3923 3097 3998 testium

216 4040 646 4118 nobilitatem
719 4045 918 4119 iuxta
990 4047 1511 4143 praescriptum
1575 4043 2009 4121 Statutorum
2084 4045 2323 4141 Regni
2394 4044 3097 4141 irreprehensibilem

215 4182 390 4239 esse.
468 4165 913 4262 Interrogati
973 4175 1209 4243 autem
1283 4168 1548 4243 debent
1599 4168 1951 4266 praedicti
2021 4176 2248 4243 testes
2302 4176 2469 4264 post
2522 4167 2939 4266 praestitum
2992 4167 3098 4242 iu-

215 4293 592 4361 ramentum
667 4288 990 4364 dicentes
1042 4290 1416 4364 veritatem
1471 4289 1563 4364 de
1618 4289 1980 4364 natalibus
2050 4289 2370 4364 Praelati
2422 4299 2547 4365 aut
2601 4288 2955 4364 Canonici
3006 4288 3101 4364 ad

215 4403 609 4485 Ecclesiam
659 4412 1078 4509 recipiendi,
1133 4413 1333 4487 iuxta
1369 4419 1686 4486 tenorem
1725 4409 1988 4486 Statuti
2043 4409 2501 4488 Sel-enissimi
2556 4413 2725 4487 olim
2779 4411 3096 4486 Alexan-

215 4526 320 4601 dri
367 4529 596 4627 Regis
647 4531 1046 4608 Radomiae
1102 4533 1319 4626 editi,
1391 4533 1581 4628 quod
1639 4529 1993 4609 Statutum
2050 4533 2185 4608 sub
2241 4534 2446 4608 titulo
2499 4533 2870 4626 Nobilium
2928 4556 3095 4608 con·

215 4650 486 4747 tinetur‚
557 4655 896 4730 videlicet
962 4664 1196 4731 utrum
1268 4655 1647 4730 Praelatus
1717 4656 1842 4729 ille
1916 4664 2038 4732 aut
2101 4653 2512 4732 Canonicus
2567 4657 2659 4731 de
2710 4656 2936 4732 nobili
2986 4658 3095 4733 fa·

215 4773 422 4872 milia·
452 4777 526 4849 in
579 4776 837 4872 Regno
893 4777 1241 4852 Poloniae
1287 4779 1382 4853 sit
1417 4776 1896 4876 progenitus?
1950 4786 2185 4853 utrum
2238 4786 2538 4875 uterque
2588 4801 2855 4876 parens
2898 4779 3097 4855 111100

217 4895 523 4971 nobilis?
593 4900 1260 4997 praedictorumque
1329 4910 1698 4998 parentum
1771 4925 1860 4976 ac
1911 4900 2159 4977 itidem
2235 4902 2555 4976 aviarum
2627 4902 2917 4977 nomina
2970 4926 3093 4978 ex·

215 5017 627 5116 primantur,
687 5029 1199 5118 stemmataque
1255 5022 1743 5098 ostendantur.
1801 5023 1919 5097 An
1973 5024 2131 5098 0100
2182 5031 2519 5122 parentes
2571 5024 2770 5099 iuxta
2824 5047 3094 5100 morem

217 5136 493 5217 Patriae
564 5151 638 5218 et
691 5144 1272 5220 consuetudinem
1345 5145 1767 5222 Nobilitatis
1835 5146 1910 5220 in
1983 5143 2267 5242 Castro,
2342 5144 2635 5245 Oppido
2704 5147 2824 5221 vel
2894 5145 3095 5222 Villa

216 5259 682 5341 haereditaria
731 5266 1142 5361 habitarint,
1200 5267 1528 5343 viventes
1579 5268 1869 5363 leg-ibus
1923 5277 1996 5344 et
2046 5269 2325 5345 iuribus
2379 5269 2615 5365 Regni
2668 5268 3036 5345 Nobilium
3055 5269 3093 5344 ἱ)

217 5381 328 5458 An
385 5390 827 5464 exercuerint
876 5397 1070 5465 artes
1123 5398 1196 5465 et
1249 5391 1600 5487 actiones,
1676 5413 1856 5488 quas
1911 5392 2379 5468 communiter
2443 5391 2663 5467 Cives
2717 5400 2789 5468 et
2841 5392 2963 5489 qui
3016 5393 3089 5467 in
