4055 6364
1483 784 2004 865 ...ιο-

1568 992 1949 1095 XXVII.

599 1198 912 1303 Sbiunoi
968 1199 1388 1284 cardinalis
1443 1202 1530 1285 ot
1583 1202 1926 1304 Episcopi
1983 1200 2511 1291 cracoviensis
2562 1203 2907 1292 statuta.

732 1321 1120 1407 Statutum
1177 1322 1274 1406 de
1327 1343 1470 1406 non
1525 1323 1888 1409 habendis
1941 1323 2389 1413 substitutis
2442 1324 2783 1413 vicariis.

498 1550 1050 1629 Deformitatem
1133 1554 1210 1630 et
1285 1550 1754 1651 ignominiam
1839 1552 2223 1633 Ecclesiae
2312 1560 2603 1635 nostrae
2687 1551 3205 1635 cracoviensis

289 1696 508 1771 quam
575 1673 654 1749 in
725 1673 894 1749 aliis
963 1672 1326 1751 Ecclesiis
1406 1674 1946 1755 cathedralibus
2015 1672 2401 1755 Ecclesiae
2473 1676 2866 1755 Polonicac
2936 1676 3201 1761 durare

287 1794 624 1873 videmus
677 1794 1038 1891 evitando,
1095 1796 1262 1873 dum
1298 1794 1578 1873 Vicarii
1631 1797 2119 1895 canonicales,
2176 1821 2307 1901 per
2358 1797 2787 1879 substitutos
2819 1798 2896 1878 in
2932 1796 3198 1881 Cathe-

286 1917 482 1995 drali
539 1917 1060 2015 deservientes,
1117 1918 1658 2016 parochialibus
1708 1918 2074 1997 Ecclesiis
2128 1942 2210 1995 se
2246 1919 2553 2017 alligant
2602 1928 2728 1999 aut
2779 1920 3197 2023 opportuni-

285 2049 512 2119 tatem
559 2040 986 2137 conquirunt
1019 2038 1440 2138 divagandi,
1493 2040 1834 2119 Ecclesia
1888 2039 2289 2123 cathedrali
2340 2042 2638 2123 matrice
2690 2031 3049 2139 neglecta,
3106 2065 3199 2131 ez,

283 2163 833 2239 substitutorum
889 2171 1033 2237 tam
1086 2163 1447 2269 imperitia
1514 2186 1729 2261 quam
1783 2164 2237 2241 tortuositate
2308 2163 2697 2245 multifarie
2769 2164 3193 2263 deformata,
3300 2168 3311 2181 '

281 2293 639 2385 perpetuo
693 2285 1059 2361 sancimus
1112 2285 1641 2361 observandum
1699 2283 1978 2359 edicto:
2038 2308 2128 2360 ne
2182 2285 2447 2382 aliquis
2500 2286 2841 2365 Vicarius
2892 2286 3192 2362 canoni·

283 2408 473 2483 calis
525 2429 946 2505 quacunque
1018 2406 1429 2483 conditione
1451 2466 1470 2502 ,
1543 2415 1732 2483 statu
1785 2407 1906 2482 vel
1959 2407 2350 2482 eminentia
2416 2408 2871 2506 praefulgeat
2920 2410 2997 2484 in
3048 2406 3193 2483 Ec-

282 2528 515 2605 clesia
567 2537 814 2604 nostra
867 2526 1339 2604 Cracoviensi
1408 2530 1646 2627 possit
1695 2538 1819 2607 aut
1870 2529 2115 2604 valeat
2167 2552 2299 2627 per
2350 2531 2814 2606 substitutum
2868 2554 2959 2605 ex
3014 2554 3189 2627 qua-

281 2673 568 2747 cunque
605 2673 828 2725 causa
872 2649 1267 2740 deservire,
1313 2660 1437 2726 aut
1475 2650 1962 2748 pariochalem
2014 2651 2446 2746 Ecclesiam,
2502 2651 2927 2757 beneficium
2984 2676 3191 2759 cura-

280 2780 434 2847 tum
473 2796 630 2847 cnm
668 2772 943 2847 vicaria
980 2772 1194 2849 simul
1230 2772 1576 2849 obtinere.
1633 2769 1716 2847 Si
1751 2774 1914 2869 quis
1951 2781 2189 2849 antem
2224 2796 2405 2849 ausu
2430 2770 2817 2849 temerario
2843 2779 3194 2879 praesens

279 2903 604 2970 nostrum
661 2896 1012 2971 Statutum
1081 2895 1628 2971 saluberrimum
1701 2895 1978 2970 violare
2058 2897 2657 2997 praesumpserit,
2731 2904 2807 2973 et
2870 2894 3191 2975 habitam

277 3018 564 3091 amittat
597 3014 990 3112 Vicariam,
1045 3026 1120 3091 et
1140 3016 1500 3094 ‘inhabilis
1539 3018 1634 3092 sit
1667 3026 2016 3115 perpetuo
2054 3018 2146 3091 ad
2184 3018 2400 3093 aliam
2457 3017 2883 3113 habendam,
2941 3025 3185 3094 tenea-

279 3147 543 3238 turque
596 3138 1012 3216 Canonicus
1062 3137 1475 3216 huiusmodi
1526 3137 1866 3216 Vicariae
1921 3141 2141 3218 alium
2204 3140 2571 3239 idoneum,
2629 3164 2759 3240 per
2812 3142 3189 3218 Decanum

276 3273 406 3339 ant
441 3261 978 3338 Vicedecanum
1017 3261 1578 3338 Oracoviensem
1627 3261 2178 3366 investiendum,
2235 3273 2719 3366 praesentare.
2776 3263 3201 3364 Negligens·

276 3379 517 3462 autem
573 3383 692 3460 vel
746 3384 1249 3461 contradicens
1303 3393 1769 3482 praesentare
1823 3385 2148 3480 alterum,
2206 3385 2631 3462 excludatur
2682 3411 2727 3483 a
2778 3383 3183 3463 refectioni-

277 3507 422 3583 bus
477 3514 549 3581 et
600 3503 962 3605 Capitulo,
1020 3515 1094 3580 et
1143 3505 1488 3581 inhabilis
1526 3514 1906 3582 censeatur
1957 3507 2050 3581 ad
2102 3506 2350 3582 villam
2408 3507 3061 3612 praestimonialem
3115 3512 3191 3581 et

278 3627 570 3703 domum
625 3627 1109 3704 obtinendam.
1202 3626 1563 3704 Praesens
1614 3628 1915 3726 insuper
1987 3627 2346 3704 Statutum
2400 3628 2599 3705 velut
2666 3627 3198 3729 necessarium,

275 3749 576 3825 salubre
623 3756 698 3824 et
731 3749 928 3844 utile,
986 3749 1201 3824 etiam
1255 3748 1351 3823 ad
1403 3749 1782 3826 Ecclesias
1836 3748 2289 3846 Collegiatas
2341 3759 2632 3826 nostrae
2671 3747 3185 3826 Oracoviensis

275 3870 601 3950 diocesis
672 3871 1009 3946 volumus
1081 3868 1371 3947 extendi
1392 3928 1410 3965 ,
1483 3870 2047 3969 mandamusque
2120 3871 2441 3948 districte
2511 3871 2689 3948 illud
2743 3872 2815 3946 in
2872 3869 3184 3970 singulis

276 3995 438 4071 eius
507 3991 796 4092 punctis
867 3992 1235 4092 practitari
1307 4001 1381 4066 et
1445 3993 1814 4070 custodiri.
1905 3995 2171 4070 Datum
2246 3993 2645 4069 Oracoviae
2712 3995 2789 4070 in
2844 3991 3182 4098 Capitulo

273 4124 530 4193 nostro
583 4114 912 4211 generali
962 4114 1036 4189 in
1093 4115 1280 4188 festo
1337 4111 1586 4188 Sancti
1636 4113 2020 4190 Michaelis
2075 4114 2427 4190 celebrari
2482 4115 2729 4208 solite,
2782 4117 3000 4190 Anno
3052 4115 3181 4188 do-

271 4233 454 4318 mini
507 4237 902 4314 Millesimo
958 4233 1254 4312 GCOO⁰
1327 4235 1618 4312 XXIX.

1512 4500 1937 4686 XXVIII.

899 4793 1166 4877 Forma
1215 4791 1620 4876 iuramenti
1680 4810 1816 4894 pro
1870 4790 2238 4894 Episcopo
2294 4790 2569 4874 eiecto.

485 5017 651 5114 Ego
705 5019 775 5096 N
830 5021 906 5110 in
960 5019 1520 5099 cracoviensem
1570 5019 2016 5118 Episcopum
2072 5019 2370 5113 electus,
2426 5017 2835 5117 postulatus
2884 5016 3007 5094 vel
3056 5039 3175 5098 ns-

273 5149 638 5239 sumptus,
711 5143 1075 5240 corporali
1129 5141 1183 5216 J
1183 5151 1554 5218 uramenta
1598 5143 1768 5236 juro
1821 5149 1896 5216 et
1945 5141 2284 5239 promitto
2336 5141 2503 5220 Deo
2556 5138 3051 5238 omnipotenti
3102 5144 3177 5219 et

271 5262 574 5344 Domini
625 5263 854 5340 nostri
903 5262 957 5338 J
959 5285 1092 5340 esu
1145 5261 1420 5340 Christi
1472 5259 1832 5341 Genitrici
1884 5262 2167 5342 Mariae
2216 5262 2507 5359 Virgini
2561 5269 2636 5341 et
2669 5257 2959 5342 Sanctis
3010 5256 3175 5348 sn·

269 5385 516 5466 nial-,0
561 5393 636 5466 et
667 5384 1084 5466 Vcnceslso
1137 5385 1474 5466 Patronis
1508 5385 1692 5464 meis
1737 5393 1810 5463 et
1842 5383 2339 5480 Praesidibns,
2392 5383 2812 5480 Privilegia,
2866 5379 3169 5478 statua.
