4055 6364
1378 744 1947 824 -181—

1469 1025 1849 1128 CCXXI.

209 1235 644 1318 neclan-atio
691 1208 1315 1319 Reverendissimi
1366 1235 2024 1338 nomin3,.Episcopi
2073 1235 2600 1320 cracoviensis
2642 1235 2735 1318 116
2777 1235 3106 1339 legitima

202 1356 565 1442 absentia
584 1359 680 1439 ab
703 1359 1068 1442 Ecclesia.
1090 1359 1297 1441 Anno
1331 1359 1599 1442 Domini
1623 1358 1809 1441 1610.
1833 1359 1960 1441 Die
1978 1358 2295 1442 veneris
2326 1359 2402 1441 15
2424 1359 2707 1443 mensis
2728 1358 3099 1444 Octobris.

409 1569 997 1644 Declarationem
1071 1568 1686 1644 Reverendissimi
1755 1569 2051 1644 Domini
2123 1569 2325 1644 Petri
2394 1569 2699 1667 'I'ylicki
2750 1569 3105 1670 Episcopi

197 1688 752 1784 Cracovicnsis,
809 1715 1029 1787 super
1078 1692 1326 1765 ultimo
1380 1690 1926 1788 impedimento,
2002 1715 2143 1788 quo
2200 1693 2574 1788 quisquam
2630 1693 3101 1768 Dominorum

196 1812 697 1886 Praelatorum
762 1821 834 1886 et
887 1811 1414 1888 Canonicorum
1469 1813 1828 1908 detentus,
1888 1814 2333 1906 Dominicis,
2406 1814 2792 1911 Festisque
2846 1814 3102 1892 diebus

194 1957 240 2007 a.
293 1933 799 2026 Processione,
854 1933 1088 2008 Missa
1135 1942 1206 2009 et
1252 1933 1619 2009 Concione
1655 1936 1728 2008 in
1769 1935 2105 2010 Ecclesia
2159 1933 2578 2010 Oathedrali
2632 1933 3103 2013 Cracoviensi

195 2056 460 2130 abesse
513 2058 766 2153 possit,
822 2057 1086 2130 factam
1143 2065 1215 2130 et
1247 2057 1317 2130 in
1359 2057 1724 2154 praesenti
1777 2055 2114 2155 Capitulo
2170 2060 2303 2133 sub
2360 2058 2682 2133 ciusdem
2736 2058 2981 2153 sigillo
3031 2067 3102 2134 et

191 2201 450 2253 manus
501 2177 970 2276 inscriptione
1023 2178 1434 2272 exhibitam,
1490 2179 1899 2254 Reverendi
1955 2181 2248 2255 Domini
2304 2178 2711 2277 Capitulum
2764 2180 2859 2256 ad
2910 2178 3100 2258 Acta

191 2301 607 2397 praesentia
657 2299 1246 2395 ingrossandam,
1301 2301 1974 2397 inscribendamque
2036 2303 2593 2395 mandaverunt,
2665 2302 3097 2380 Reverendo

189 2423 511 2497 Domino
566 2421 854 2498 Joanne
908 2421 1300 2496 Krasinski
1337 2421 1650 2498 Cantore
1699 2422 2169 2499 Cracoviensi
2205 2431 2670 2522 protestante,
2726 2426 2917 2522 quod
2953 2449 3097 2502 non

189 2545 290 2618 ita
345 2545 617 2643 scripta
672 2546 767 2621 sit
820 2545 1169 2620 eiusmodi
1226 2545 1639 2639 declaratiO,
1697 2546 2291 2642 quemadmodum
2340 2571 2385 2620 a
2420 2547 2791 2644 praedicto
2852 2549 3095 2625 Domi-

189 2689 282 2740 no
337 2665 713 2765 Episcopo
773 2669 846 2741 in
902 2667 1312 2764 praesentia
1383 2667 1848 2741 Dominorum
1922 2668 2446 2766 Deputatorum
2514 2670 2650 2745 fuit
2718 2669 2950 2764 facta,
3024 2679 3097 2746 et

185 2786 356 2862 ideo
411 2790 482 2862 in
541 2811 698 2862 eam
769 2811 912 2862 non
967 2790 1456 2864 consentiente
1513 2798 1584 2862 et
1635 2790 1889 2864 iterum
1961 2799 2425 2888 protestante.
2510 2789 2735 2867 Ouius
2808 2792 3093 2888 quidem

189 2909 731 2985 Declarationis
785 2920 991 2986 tenor
1045 2911 1134 2985 de
1189 2912 1412 2984 verbo
1465 2909 1558 2983 ad
1611 2912 1908 2985 verbum
1966 2912 2132 2986 talis
2186 2921 2299 2988 est
2352 2923 2428 2988 ut
2483 2915 2825 3011 sequitur.

400 3032 662 3106 Petrus
717 3031 1018 3130 Tylicki
1073 3031 1213 3105 Dei
1267 3033 1502 3126 gratia
1557 3032 1969 3130 Episcopus
2022 3033 2574 3130 Oracoviensis,
2641 3036 2815 3111 Dux
2867 3033 3089 3112 Seve-

185 3154 368 3249 riae,
425 3162 668 3231 notum
720 3155 1046 3249 facimus,
1104 3155 1294 3252 quod
1350 3179 1509 3231 cum
1565 3154 1974 3231 Reverendi
2029 3157 2323 3232 Domini
2377 3157 2695 3233 Praelati
2747 3156 3090 3236 61011110-

182 3277 331 3352 nici
387 3276 708 3375 Capituli
763 3277 1141 3351 Ecclesiae
1213 3285 1502 3352 nostrae
1567 3275 2024 3353 Cathedralis
2079 3278 2589 3356 Oracoviensis
2638 3282 2711 3354 111
2764 3283 3092 3377 generali

185 3396 528 3497 Capitulo
575 3421 706 3497 pro
742 3399 930 3472 festo
984 3398 1516 3473 Translationis
1569 3396 1644 3471 S.
1703 3396 2046 3475 Stanislai
2102 3399 2314 3476 Anno
2366 3402 2731 3499 praesenti
2786 3425 3087 3501 congre·

181 3522 358 3617 gati,
421 3521 735 3595 unanimi
789 3537 1148 3595 consensu
1203 3521 1360 3596 Nos
1415 3521 1948 3619 appellassent,
2021 3522 2211 3618 quod
2268 3523 2703 3599 censendum
2758 3525 2855 3600 sit
2902 3526 3085 3622 legi-

181 3644 428 3718 timum
499 3642 1118 3740 impedimentum,
1193 3666 1334 3738 quo
1408 3644 1785 3739 quisquam
1859 3644 2359 3720 Praelatorum
2430 3654 2505 3720 et
2557 3636 3085 3725 Canonicorum

183 3766 538 3859 detentus,
595 3763 1021 3856 Dominicis,
1078 3764 1464 3860 Festisque
1525 3766 1781 3842 dicbus
1836 3792 1881 3842 a
1935 3767 2438 3862 Processione,
2494 3767 2727 3843 Missa
2781 3779 2852 3843 et
2896 3768 3086 3845 Oon-

183 3887 392 3959 cione
444 3888 518 3959 in
573 3886 911 3960 Ecclesia
965 3883 1385 3960 Cathedrali
1454 3887 1716 3961 abesse
1770 3889 2041 3986 possit3
2116 3889 2274 3965 Nos
2324 3890 2507 3987 ipsis
2561 3889 2701 3965 hoc
2754 3916 2795 3965 a
2848 3892 3088 3968 Nobis

181 4008 736 4105 postulantibus,
795 4008 982 4083 hanc
1037 4009 1192 4083 eius
1245 4008 1551 4103 legitimi
1602 4011 2090 4109 impedimenti
2150 4011 2702 4088 declarationem
2760 4014 3082 4108 fecimus,

179 4130 662 4226 facimusque:
731 4138 809 4205 ut
860 4131 985 4205 ille
1037 4130 1358 4225 legitime
1416 4155 1580 4206 esse
1634 4132 2022 4230 impeditus
2088 4134 2335 4229 quoad,
2380 4136 2784 4232 praemissa
2838 4159 3081 4212 cense-

29 4284 38 4294 ·
176 4260 375 4345 atur,
449 4253 574 4347 qui
623 4253 873 4327 morbo
929 4277 970 4326 e
1027 4253 1240 4327 domo
1297 4254 1549 4349 egredi
1602 4255 2046 4352 prohibetur,
2121 4266 2193 4331 et
2246 4258 2368 4353 qui
2420 4257 2491 4332 in
2549 4258 2694 4332 alia
2746 4260 3082 4357 quapiam

179 4374 520 4448 Ecclesia
589 4373 892 4448 Missam
966 4374 1297 4450 decantat
1367 4386 1488 4451 au't
1558 4378 1864 4475 ipsemet
1917 4379 2419 4477 concionatur3
2495 4380 2586 4454 de
2650 4404 2791 4477 qua
2844 4389 3083 4457 tamen

177 4494 456 4570 Missae
510 4496 993 4569 celebratione
1047 4507 1118 4571 et
1170 4497 1398 4572 Verbi
1451 4498 1701 4572 Divini
1769 4498 2304 4596 praedicatione
2377 4500 2737 4595 significet
2808 4502 3079 4579 Procu-

175 4618 398 4691 ratori
456 4615 775 4714 Capituli
829 4629 900 4691 et
953 4615 1235 4692 Seniori
1287 4618 1647 4715 Praelat0,
1705 4622 1828 4716 qui
1874 4632 2043 4695 tunc
2097 4646 2321 4719 penes
2376 4624 2784 4698 Ecclesiam
2836 4625 3077 4701 fuerit.

177 4738 413 4829 Quam
492 4738 1045 4813 declarationem
1117 4749 1434 4815 nostram
1505 4742 1578 4815 in
1650 4741 1862 4816 fidem
1939 4742 2449 4819 evidentiorem
2544 4770 2759 4821 manu
2834 4756 3079 4823 nostra

175 4861 698 4957 subscriptam,
764 4860 1009 4955 sigillo
1065 4871 1311 4936 nostro
1366 4864 1628 4936 muniri
1682 4864 2043 4939 iussimus.
2116 4868 2383 4941 Datum
2440 4865 2884 4965 Cracoviae,
2961 4870 3078 4944 die

183 4981 270 5055 11
333 4981 700 5076 Octobris,
757 4980 969 5057 Anno
1032 4982 1252 5057 1610.

384 5103 648 5179 Petrus
699 5104 1109 5203 Episcopus
1165 5104 1698 5183 Cracoviensis.
