4055 6364
2138 784 2235 795 —-
2350 738 2710 815 290-

965 946 1313 1011 iuramento
1373 963 1655 1027 purgare,
1719 943 2013 1009 videlicet
2071 945 2204 1025 ipse
2251 946 2433 1020 iuret,
2511 944 2678 1027 quod
2731 962 2826 1021 ea,
2903 962 3062 1026 quae
3125 943 3244 1025 ipsi
3293 942 3689 1013 obiiciantur,
3753 958 3874 1004 non

968 1049 1335 1131 prodiderit,
1386 1068 1500 1114 nec
1544 1050 1832 1131 cuiquam
1910 1048 2464 1113 communicaverit
2527 1048 2760 1113 directe
2804 1048 2904 1111 vel
2950 1046 3272 1113 indirecte.
3345 1045 3873 1127 compurgatores

968 1171 1113 1217 vero
1156 1153 1364 1218 iurent
1408 1171 1520 1235 pro
1569 1152 1737 1217 certo
1784 1168 1852 1217 se
1900 1150 2171 1230 credere,
2223 1150 2458 1216 nemini
2504 1168 2668 1225 eum,
2733 1151 2840 1233 qui
2885 1150 3256 1233 proditionis
3302 1148 3705 1217 insimulatus
3751 1148 3876 1225 est,

972 1255 1291 1337 praedicta
1337 1257 1577 1321 secreta
1618 1255 1929 1323 revelasse
1977 1254 2210 1319 directe
2253 1254 2354 1319 vel
2397 1253 2716 1320 indirecte.
2777 1254 2849 1319 In
2887 1254 3002 1319 tali
3049 1252 3420 1337 purgatione
3459 1252 3514 1316 si
3554 1248 3876 1343 defecerit,

972 1378 1083 1442 pro
1135 1358 1416 1425 convicto
1462 1358 1789 1424 habendus
1838 1358 1956 1436 est,
2008 1360 2074 1423 et
2117 1357 2305 1424 debet
2349 1356 2673 1423 subiacere
2716 1358 2936 1441 poenis
2983 1357 3448 1440 suprascriptis,
3517 1356 3581 1420 et
3624 1352 3768 1419 aliis
3815 1351 3878 1416 in

975 1462 1194 1528 eodem
1241 1462 1491 1529 Statuto
1538 1462 1869 1545 expressis.

1182 1668 1288 1734 De
1333 1668 1801 1751 Deputatis
1864 1667 2300 1749 eligendis
2347 1666 2439 1732 ad
2485 1666 2839 1751 negotia
2882 1667 3286 1732 Ecclesiae
3333 1666 3590 1750 (Statut.
3627 1663 3874 1743 CXXI).

970 1772 1111 1837 Hoc
1157 1772 1475 1837 Statutum
1538 1771 1778 1855 obligat
1836 1770 2048 1836 taliter
2095 1770 2446 1853 Deputatos
2491 1771 2570 1835 ad
2619 1770 2898 1835 exactam
2963 1788 3114 1835 suae
3161 1769 3589 1853 deputationis
3653 1786 3875 1838 execu-

972 1876 1229 1952 tionem,
1275 1876 1390 1939 sub
1428 1892 1629 1957 poena
1666 1874 2044 1941 exclusionis
2082 1891 2120 1938 a
2156 1872 2468 1954 Capitulo,
2511 1874 2982 1957 privationeque
3019 1873 3536 1939 distributionum
3575 1872 3877 1949 omnium.

975 1979 1199 2043 domus
1248 1980 1309 2042 et
1352 1978 1538 2044 villae
1583 1978 2134 2060 praestimonialis,
2203 1995 2276 2041 ac
2324 1978 2535 2041 damni
2582 1995 2694 2060 per
2738 1976 3195 2060 negligentiam
3241 1994 3458 2041 eorum
3505 1975 3879 2059 emergentis

977 2080 1575 2165 compensationem.

1186 2288 1297 2353 De
1365 2287 2092 2369 deputationibus
2163 2286 2262 2351 ad
2323 2286 2669 2352 limites
2735 2287 2973 2352 iuxta
3037 2287 3364 2351 senium
3439 2286 3881 2351 faciendis

978 2392 1235 2475 (Statut.
1272 2390 1554 2474 CXXII).
1607 2391 1747 2455 Hoc
1784 2390 2098 2455 Statutum
2147 2390 2539 2474 distinguens
2579 2408 2804 2456 causas
2849 2390 3123 2455 limitum
3159 2392 3222 2454 in
3261 2409 3394 2471 eas,
3443 2408 3606 2473 quae
3653 2391 3880 2456 amica·

976 2495 1192 2561 biliter
1237 2496 1300 2559 et
1345 2497 1478 2559 sine
1523 2494 1871 2559 iuramento
1937 2493 2328 2575 deciduntur,
2406 2495 2470 2557 et
2515 2494 2692 2570 alias,
2761 2512 2919 2575 quae
2984 2512 3096 2574 per
3139 2494 3474 2576 strepitum
3537 2494 3693 2557 iuris
3739 2510 3876 2557 cum

984 2597 1384 2663 iureiurando
1450 2596 1770 2663 terminari
1818 2598 2046 2673 solent,
2117 2594 2414 2677 disponit,
2482 2597 2553 2660 ut
2596 2595 2676 2660 ad
2721 2596 2954 2660 limites
3021 2596 3202 2679 primi
3251 2596 3514 2675 ordinis,
3586 2594 3883 2678 Deputati

983 2721 1056 2767 ex
1104 2700 1415 2783 Capitulo,
1466 2719 1588 2765 non
1635 2720 1709 2765 ex
1748 2700 1985 2779 ordine,
2035 2717 2234 2781 neque
2283 2718 2355 2763 ex
2401 2698 2594 2779 senio,
2665 2701 2775 2763 sed
2839 2699 3010 2764 iuxta
3069 2701 3440 2766 electionem
3505 2700 3614 2783 qui
3658 2698 3876 2783 placu-

981 2805 1122 2883 erit,
1164 2825 1237 2870 ex
1276 2802 1739 2887 capitularibus
1788 2804 2122 2887 eligantur.
2170 2802 2269 2868 Ad
2315 2802 2548 2866 limites
2587 2803 2797 2867 autem
2846 2802 3106 2868 secundi
3151 2802 3411 2882 ordinis,
3461 2804 3517 2868 si
3563 2804 3672 2867 alii
3721 2800 3882 2867 Con-

982 2907 1213 2973 fratres
1253 2908 1329 2973 de
1366 2907 1605 2990 gremio
1654 2905 1993 2989 Capitulari
2043 2908 2368 2988 acceptare
2413 2905 2510 2969 sui
2551 2904 3014 2987 deputationem
3063 2906 3396 2985 noluerint,
3447 2910 3674 2972 extunc
3716 2907 3882 2971 iuxta

982 3010 1225 3075 senium
1272 3012 1337 3074 et
1380 3010 1772 3074 vocationem
1836 3028 2013 3074 suam
2080 3008 2335 3073 Domini
2399 3010 2569 3073 iuxta
2625 3008 2878 3073 turnum
2944 3010 3350 3091 deputentur:
3412 3011 3626 3075 taliter
3669 3013 3880 3074 autem

984 3112 1267 3196 deputati
1313 3113 1391 3177 ad
1438 3113 1670 3178 limites
1715 3112 1974 3177 Mensae
2020 3112 2416 3196 episcopalis,
2476 3115 2776 3196 impensis
2824 3113 3242 3179 Illustrissimi
3285 3114 3619 3196 Episcopi3
3679 3115 3764 3177 ai
3805 3112 3878 3177 li-

982 3217 1167 3281 mites
1211 3235 1356 3282 vero
1403 3217 1711 3282 bonorum
1758 3213 2234 3298 Capitularium,
2285 3218 2588 3299 impensis
2645 3217 2919 3301 Capituli
2984 3219 3294 3301 provideri
3360 3219 3630 3284 debent:
3699 3218 3879 3283 aliter

982 3320 1061 3385 ad
1108 3319 1416 3386 eiusmodi
1465 3319 1900 3402 deputationes
1948 3337 2076 3384 non
2121 3321 2302 3384 erunt
2348 3320 2650 3386 adstricti.

1190 3528 1295 3592 De
1360 3526 1761 3610 eligendo
1828 3527 2610 3604 Administratore,
2699 3529 3116 3594 defuncto
3201 3529 3445 3594 extra
3505 3527 3874 3612 Regnum

984 3631 1097 3713 Ep
1120 3630 1139 3694 i
1161 3649 1191 3695 s
1214 3649 1247 3694 c
1270 3649 1305 3696 o
1328 3649 1369 3713 p
1392 3651 1427 3696 o
1484 3629 1740 3714 (Statut.
1776 3628 2200 3714 CLXXXIV).
2249 3630 2431 3695 Hanc
2476 3631 2838 3696 electionem
2877 3630 3033 3710 fieri,
3087 3631 3363 3714 disponit
3397 3649 3693 3715 praesens
3740 3628 3876 3696 Sta-

988 3733 1219 3812 tutum‚
1272 3733 1516 3798 decima
1564 3733 1663 3798 die
1709 3753 1747 3798 a
1792 3733 1963 3798 certa
2008 3734 2233 3798 notitia
2272 3735 2494 3800 mortis
2542 3735 2700 3800 eius.

1194 3939 1298 4003 De
1358 3937 1710 4003 calculo
1767 3957 1848 4004 ex
1911 3937 2690 4006 administratione
2749 3940 3154 4006 bonorum
3212 3938 3872 4023 episcopalium,

987 4043 1197 4110 Sede
1258 4044 1611 4107 vacante
1674 4061 2310 4125 possessorum,
2379 4041 2643 4108 Succe
2670 4043 2900 4108 ssori
2945 4043 2997 4108 E
3031 4044 3396 4126 piscopo
3459 4043 3873 4108 faciendo.

989 4147 1244 4231 (Statut.
1280 4143 1669 4228 CLXXXV).
1704 4145 2033 4211 Eiusmodi
2079 4146 2388 4210 calculum
2425 4146 2674 4230 Begens
2714 4149 2984 4213 cuiusvis
3029 4147 3260 4224 clavia,
3296 4148 3361 4211 in
3391 4149 3658 4212 decursu
3693 4147 3874 4210 trium

988 4251 1298 4316 mensium
1348 4250 1427 4314 ab
1472 4248 1762 4333 ingressu
1806 4247 2231 4318 Illustrissimi
2295 4247 2587 4330 Episcopi
2652 4251 2728 4314 ad
2779 4249 3151 4316 cathedram
3196 4251 3444 4314 tenetur
3487 4251 3546 4314 ei
3587 4248 3873 4315 reddere:

990 4354 1055 4418 et
1099 4371 1248 4417 casu
1295 4371 1417 4435 quo
1463 4353 1941 4418 Illustrissimus
1990 4353 2254 4416 eundem
2305 4351 2613 4416 calculum
2659 4353 2825 4418 intra
2867 4357 2996 4419 tres
3045 4372 3288 4418 menses
3327 4353 3404 4418 ab
3445 4353 3654 4436 aliquo
3699 4351 3874 4433 Capi·

988 4455 1283 4521 tularium
1331 4457 1610 4539 excipere
1655 4455 2054 4533 recusaverit,
2105 4455 2256 4521 talis
2300 4455 2626 4521 Praelatus
2662 4457 2765 4522 vel
2800 4455 3153 4522 Canonicus
3199 4455 3473 4539 amplius
3509 4475 3654 4520 eum
3685 4454 3874 4520 facere

990 4580 1113 4627 non
1160 4561 1558 4646 obligabitur.

1195 4767 1301 4834 D‘e
1360 4768 1617 4834 rebus
1683 4767 2153 4833 derelictis
2217 4770 2305 4833 ab
2353 4765 2822 4832 intestatis
2885 4765 3390 4848 Episcopis,
3450 4783 3597 4848 per
3644 4761 3873 4847 Capi-

989 4872 1266 4937 tulum
1333 4871 1916 4956 disponendis
1981 4871 2240 4956 (Statut.
2291 4870 2604 4950 CXXIII).
2671 4871 2853 4934 Hanc
2900 4869 3375 4953 dispositionem
3423 4867 3778 4951 Capitulum
3815 4869 3870 4932 in

990 4975 1157 5040 hunc
1203 4974 1461 5039 modum
1508 4973 1709 5040 facere
1758 4974 1983 5039 debet:
2062 4975 2127 5056 1)
2176 4974 2477 5040 Consulet
2519 4971 2913 5038 indemnitati
2962 4972 3269 5038 bonorum
3311 4971 3634 5038 Ecclesiae
3680 4973 3744 5038 et
3781 4989 3872 5035 re·

992 5079 1107 5143 bus
1154 5078 1345 5143 futuri
1390 5077 1706 5160 Episcopi.
1754 5075 1820 5160 2)
1868 5077 2198 5143 Mobilium
2239 5094 2608 5160 quocunque
2643 5075 2828 5141 titulo
2867 5076 2944 5140 ad
2987 5074 3382 5141 demortuum
3421 5074 3868 5158 pertinentium,

990 5181 1434 5259 Inventarium,
1484 5179 1766 5245 adhibito
1814 5179 2074 5246 Notario
2123 5182 2185 5245 et
2230 5179 2518 5261 testibus,
2569 5177 2878 5258 conficiet,
2929 5178 2992 5244 et
3037 5179 3257 5244 eadem
3302 5177 3563 5247 mobilia
3605 5179 3870 5243 vindica-

993 5286 1106 5351 bit.
1189 5284 1257 5365 3)
1317 5285 1412 5349 De
1474 5285 1695 5348 iisdem
1763 5283 2098 5349 mobilibus
2163 5284 2547 5366 sepulturam
2612 5281 3082 5347 convenientem
3145 5281 3434 5347 defuncto
3496 5280 3869 5366 procurabit.
