4055 6364
1383 742 1948 822 -149—

1446 1004 1881 1107 CLXVII.

209 1215 320 1297 Ad
369 1214 780 1316 capitutum
830 1215 1013 1315 post
1057 1214 1363 1297 Missam
1415 1214 1629 1316 vuiuo
1668 1216 2037 1297 maturam
2097 1215 2394 1318 dictam,
2453 1218 2615 1304 sive
2662 1227 3117 1311 Anniversa·

211 1338 420 1435 rium,
480 1336 764 1420 nonnisi
805 1337 1096 1437 inteuro
1145 1333 1389 1419 Sacro
1431 1336 1779 1419 absoluto
1819 1337 2389 1440 ingredientium,
2446 1345 2759 1432 statuto
2813 1348 3115 1450 antiquo

335 1459 673 1560 desuper
729 1459 928 1542 edito
985 1458 1381 1560 abrogato.
1436 1459 1646 1541 Anno
1702 1460 1918 1542 1594.
1977 1459 2104 1541 Die
2162 1463 2430 1548 Martis
2487 1467 2539 1549 8
2596 1470 3000 1553 Februarii.

423 1670 752 1746 Tametsi
805 1666 1158 1745 Statutum
1213 1670 1607 1767 capitulare
1663 1671 2054 1769 antiquitus
2109 1677 2672 1776 promulgatum,
2731 1678 2821 1755 de
2872 1680 3115 1775 ingre-

213 1793 482 1869 diendo
553 1793 717 1868 loco
791 1792 1170 1892 capitulari
1236 1801 1404 1891 post
1468 1794 1940 1870 elevationem
2016 1794 2364 1895 Corporis
2436 1798 2708 1881 Christi
2759 1802 2836 1876 in
2887 1802 3121 1885 Missa

211 1924 495 1991 matura
549 1916 1014 1990 communiter
1067 1915 1291 2009 dicta,
1347 1916 1719 2011 hucusque
1773 1918 2149 1993 observari
2212 1921 2499 1995 solitum
2553 1923 2805 2017 fuerit,
2881 1931 3120 1999 tamen

213 2039 385 2137 quia
437 2038 849 2114 huiusmodi
902 2035 1255 2112 Statutum
1311 2038 1672 2113 honestati
1725 2048 1796 2112 et
1830 2039 2083 2136 pietati
2135 2064 2543 2139 repugnare
2596 2045 2977 2121 videbatur
3031 2070 3122 2121 ex

213 2185 323 2256 eo,
381 2158 576 2257 quod
634 2158 930 2233 Sacrum
971 2182 1114 2233 non
1153 2184 1243 2234 ex
1281 2160 1586 2254 integro,
1645 2184 1874 2258 neque
1931 2185 2091 2236 cum
2147 2163 2528 2240 devotione
2568 2166 2817 2242 audire
2870 2168 3119 2266 piacu-

209 2284 362 2359 lum
401 2284 520 2377 sit,
575 2306 710 2357 nec
747 2306 889 2357 non
945 2284 1112 2379 quia
1165 2282 1576 2357 hominibus
1617 2283 2113 2359 saecularibus
2168 2282 2394 2359 Sacra
2439 2309 2581 2361 non
2619 2288 2961 2364 audiendi
2996 2312 3120 2365 oc·
3226 2314 3231 2317 ·

213 2405 418 2479 casio
456 2413 528 2478 et
561 2427 744 2478 ansa
783 2402 1123 2499 dabatur3
1180 2404 1424 2500 itaque
1459 2404 1532 2477 in
1571 2405 1711 2478 hoc
1747 2407 2113 2501 praesenti
2165 2410 2493 2502 generali
2548 2408 2884 2509 Capitulo
2933 2412 3123 2485 hanc

213 2529 583 2623 antiquam
638 2525 1226 2601 consuetudinem
1287 2527 1579 2601 abolere
1631 2528 1982 2621 volentes,
2043 2526 2395 2605 Statutum
2431 2532 2608 2606 illud
2659 2541 2868 2608 vetus
2907 2534 3121 2608 abro-

210 2648 536 2744 gandum
610 2670 775 2723 esse
847 2648 1264 2742 voluerunt,
1341 2655 1550 2745 prout
1619 2649 1974 2743 abrogant
2047 2649 2136 2723 de
2209 2660 2494 2728 caetero
2551 2662 2986 2730 statuentes:
3048 2663 3122 2729 ut

212 2770 308 2846 ad
367 2772 606 2845 locum
663 2770 1170 2866 capitularem,
1230 2770 1799 2867 quandocunque
1863 2773 2246 2867 contigerit
2300 2773 2551 2850 Missis
2619 2777 2914 2851 maturis
2968 2778 3124 2851 sive

213 2890 760 2983 Anniversariis
829 2893 1220 2986 interesse,
1279 2900 1356 2965 ut
1409 2915 1551 2966 non
1607 2893 1746 2967 nisi
1800 2895 2133 2969 absoluto
2204 2896 2487 2990 integro
2554 2893 2779 2971 Sacro
2835 2906 2908 2971 et
2962 2906 3126 2995 post

211 3012 790 3088 benedictionem
847 3014 1371 3089 sacerdotalem
1427 3037 1676 3090 omnes
1729 3014 2187 3113 Capitulares
2238 3018 2454 3093 simul
2508 3029 2580 3093 et
2627 3021 2852 3093 semel
2906 3019 3122 3117 Capi-

217 3136 444 3211 tulum
513 3158 800 3234 semper
849 3135 1368 3230 ingrediantur,
1441 3136 1660 3235 idque
1731 3138 1866 3213 sub
1942 3140 2197 3237 poenis
2266 3139 2343 3214 in
2416 3137 2695 3217 statuto
2770 3142 3127 3217 contentis

218 3266 474 3333 contra
525 3260 984 3354 negligentes
1031 3266 1101 3332 et
1138 3259 1658 3354 inobedientes,
1715 3260 1786 3333 id
1827 3261 2071 3335 facere
2126 3285 2414 3360 semper
2465 3270 2841 3339 teneantur
2878 3273 2950 3338 et
2984 3264 3129 3340 sint

217 3381 574 3456 adstricti.

1439 3588 1920 3690 CLXVIII.

225 3795 416 3877 Libri
472 3797 555 3878 et
611 3795 1000 3897 Priviieuia
1059 3795 1373 3897 capituli
1429 3796 1546 3878 ubi
1603 3798 1686 3879 et
1740 3798 2099 3899 quomodo
2166 3751 2569 3882 servanda.
2640 3799 2846 3882 Anno
2906 3798 3122 3880 1594.

1167 3919 1298 4000 Die
1355 3918 1624 4003 Martis
1679 3923 1734 4004 8
1790 3920 2192 4003 Februarii.

437 4126 1035 4225 Quandoquidem
1093 4129 1538 4225 experientia
1589 4138 1660 4204 et
1695 4155 1774 4205 re
1809 4131 1974 4228 ipsa
2027 4132 2311 4206 doctum
2369 4139 2499 4224 est,
2557 4138 2852 4229 propter
2907 4154 3128 4228 quan-

225 4252 394 4326 dam
446 4251 960 4347 'negligentiam
1008 4258 1081 4326 et
1112 4251 1593 4327 inordinatam
1646 4255 2209 4328 asservationem
2266 4254 2821 4348 Privilegiorum
2860 4261 2931 4328 et
2967 4253 3127 4328 Mu-

224 4375 697 4450 nimentorum
749 4373 1270 4472 capitularium,
1326 4374 1400 4447 in
1457 4375 1666 4449 bonis
1724 4375 2103 4450 Ecclesiae
2162 4375 2726 4472 Episcopalibus
2788 4383 2861 4449 et
2914 4373 3128 4473 Capi-

211 4497 360 4576 tuli
399 4520 554 4598 ‚non
610 4519 862 4595 parum
917 4495 1351 4570 incommodi
1389 4505 1460 4570 et
1496 4496 1904 4572 detrimenti
1947 4497 2107 4571 fieri
2144 4505 2216 4571 et
2253 4498 2597 4593 subsequi
2636 4496 2908 4592 solere3
2966 4519 3127 4594 pro-

225 4617 400 4692 inde
460 4618 871 4694 Reverendi
943 4618 1237 4692 Domini
1309 4618 1766 4716 Capitulares
1836 4619 2245 4695 huiusmodi
2318 4621 2783 4716 negligentiis
2840 4627 2912 4694 et
2962 4619 3131 4694 inde

227 4741 698 4836 sequentibus
748 4741 1223 4815 incommodis
1275 4741 1350 4815 in
1405 4748 1769 4838 posterum
1828 4743 2121 4816 obviare
2177 4743 2527 4834 volentes,
2586 4765 2946 4839 superque
2991 4741 3133 4815 hoc

228 4862 564 4956 diligenti
637 4863 1163 4939 consultatione
1219 4871 1287 4938 et
1339 4872 1619 4938 matura
1673 4864 2191 4939 deliberatione
2245 4865 2469 4953 facta,
2530 4863 2956 4939 unanimiter
3008 4863 3129 4937 de-

230 4995 612 5060 creverunt
665 4994 736 5059 et
789 4986 1333 5059 concluserunt:
1391 4994 1468 5059 ut
1520 5008 1770 5060 omnes
1821 4985 2026 5060 Libri
2082 4987 2554 5084 capitulares,
2610 4982 2839 5080 Acta,
2897 4984 3129 5059 Privi-

227 5106 427 5202 legia
465 5115 536 5182 et
574 5107 874 5202 quaevis
925 5105 1370 5181 Munimenta
1423 5107 1804 5182 Ecclesiae
1856 5108 2070 5183 huius
2124 5116 2195 5182 et
2249 5106 2590 5205 Capituli,
2634 5131 2681 5180 a
2716 5107 2933 5181 certis
2984 5105 3130 5179 Re-

231 5228 573 5304 verendis
619 5228 711 5302 ad
748 5228 888 5304 hoc
925 5229 1359 5327 deputandis
1412 5239 1904 5325 regestrentur
1957 5239 2027 5305 et
2080 5233 2154 5305 iu
2211 5230 2512 5322 classes,
2570 5228 3003 5323 ordinesque
3060 5236 3131 5300 et

229 5351 529 5426 ladulas
584 5351 985 5446 dirigantur
1026 5347 1108 5426 et'
1133 5351 1624 5450 disponantur.
1679 5353 2008 5428 Tandem
2063 5361 2138 5429 ut
2192 5377 2283 5427 ne
2328 5336 2565 5426 'cuivis
2618 5350 2859 5425 facilis
2910 5349 3004 5424 ad
3046 5373 3135 5424 ea
