4055 6364
1363 748 1930 824 —203—

191 958 444 1055 fuerit3
499 959 960 1036 nihilominus
1009 966 1280 1034 attenta
1337 959 1820 1056 postulatione
1877 958 2343 1034 Venerabilis
2384 957 2724 1056 Capituli,
2781 968 2929 1033 tum
2984 983 3107 1034 ca·

189 1081 520 1158 lamitate
587 1081 933 1179 temporis
985 1081 1426 1178 praesentis,
1503 1103 1644 1178 qua
1700 1080 1989 1178 penitus
2044 1080 2407 1155 extenuati
2480 1088 2645 1155 suut
2706 1089 3103 1178 proventus

193 1227 364 1278 cum
421 1204 725 1278 notabili
777 1202 1242 1277 diminutione
1313 1203 1824 1294 refectionum,
1898 1202 2443 1277 Illustrissimus
2495 1215 2569 1277 et
2618 1203 3105 1278 Reverendis·

194 1327 430 1400 simus
483 1325 838 1400 Dominus
909 1323 1319 1420 Episcopus
1371 1324 1468 1398 ad
1524 1348 1872 1422 praesens
1942 1332 2214 1400 tautum
2269 1324 2607 1419 indulsit,
2662 1334 2741 1400 ut
2791 1326 3107 1400 Perillu-

192 1455 390 1523 stres
443 1447 734 1521 Domini
789 1447 1136 1543 Deputati
1188 1447 1317 1521 tali
1369 1447 1768 1521 iuramento
1824 1468 1964 1521 non
2019 1446 2578 1542 adstringantur3
2638 1448 3103 1523 nihilominus

189 1569 392 1644 idem
460 1570 662 1664 rigor
728 1569 1138 1643 huiusmodi
1201 1571 1578 1644 iuramenti
1647 1566 2208 1644 reassumendus
2262 1577 2334 1643 et
2386 1568 2787 1644 servandus
2839 1569 2913 1642 iu
2969 1591 3098 1666 po·

189 1699 468 1768 sterum
519 1693 694 1782 erit,
767 1691 1050 1787 quoties
1103 1690 1364 1766 similis
1414 1693 1510 1766 ob
1563 1691 1882 1765 rationes
1951 1690 2314 1786 legitimas
2384 1690 2869 1766 Illustrissimi
2942 1691 3099 1764 Do·

189 1813 374 1887 mini
425 1812 606 1888 Loci
663 1811 1030 1888 Ordinarii
1085 1835 1226 1886 nou
1280 1811 1586 1887 accedet
1635 1811 2056 1887 declaratio.

1516 2124 1789 2225 CCLI.

432 2332 537 2415 ne
594 2331 1145 2416 intes-essentia
1197 2332 1484 2416 Missae
1540 2333 2037 2415 conventuali.
2095 2332 2301 2414 Anno
2358 2330 2633 2414 Domini
2691 2331 2867 2472 1713.

1230 2455 1358 2536 Die
1415 2454 1524 2537 3⁰
1578 2452 2075 2556 Septembris.

401 2662 770 2762 Siquidem
841 2663 1246 2740 Concilium
1320 2664 1816 2740 Tridentinum
1891 2661 2094 2739 SesS.
2154 2662 2253 2738 24
2309 2688 2469 2762 cap.
2534 2663 2627 2740 12
2694 2663 2785 2740 de
2838 2663 3096 2739 Refor-

179 2787 526 2880 matione,
601 2810 853 2862 omnes
909 2785 1394 2862 Beneficiatos
1475 2786 1969 2860 Ecclesiarum
2045 2783 2582 2861 Cathedralium
2656 2786 2935 2880 obligat
3003 2785 3099 2860 ad

183 2909 452 2984 devote
497 2911 738 2984 etrite
792 2909 1207 3008 peragenda
1263 2907 1530 2984 Officia
1586 2909 1802 2983 totius
1858 2909 2025 3003 diei,
2082 2909 2420 2984 convenit
2472 2910 2779 2984 maxime
2832 2908 3096 2983 diebus

183 3031 605 3105 Dominicis
675 3040 748 3105 et
817 3032 1064 3128 festis,
1131 3040 1210 3106 ut
1270 3031 1544 3105 Missae
1599 3033 2059 3106 conventuali
2130 3054 2381 3106 omnes
2450 3031 2771 3106 Praelati
2826 3039 2899 3106 et
2952 3029 3095 3105 Ca-

181 3153 430 3229 nonici
481 3153 846 3243 assistant,
905 3176 994 3228 ne
1047 3176 1178 3252 per
1231 3155 1632 3229 absentiam
1686 3155 1974 3231 illorum
2030 3153 2253 3229 decus
2307 3153 2689 3230 Ecclesiae
2745 3161 2817 3229 et
2861 3152 3096 3228 honor

177 3277 330 3350 Dei
383 3277 778 3351 minuatur:
835 3276 1000 3351 ideo
1055 3276 1494 3351 conveniens
1549 3275 1884 3351 duximus
1939 3283 2275 3371 statuere,
2332 3284 2411 3351 ut
2463 3276 2783 3351 Praelati
2838 3284 2911 3351 et
2945 3273 3087 3350 Ca·

175 3398 328 3471 nici
383 3420 544 3472 cum
599 3399 754 3474 suis
806 3398 1058 3473 Missis
1104 3399 1408 3497 privatis
1460 3397 1882 3496 anticipient
1948 3398 2252 3474 Missam
2310 3398 2878 3493 conventualem,
2936 3396 3092 3473 sive

151 3510 353 3619 'post
403 3520 702 3596 eandem
758 3528 1147 3618 peractam,
1205 3522 1606 3595 absolvant.

1471 3832 1786 3934 CCLII.

175 4038 671 4121 Decretorum
747 4040 1253 4141 reassumptis
1312 4042 1378 4121 in
1434 4038 1768 4140 capitulo
1840 4039 2174 4140 generali
2230 4035 2820 4135 Translationis,
2878 4038 3085 4123 Anno

177 4161 364 4257 1715,
395 4161 640 4243 Lunae
679 4160 796 4242 die
834 4162 881 4242 7
920 4160 1303 4245 octobris:
1364 4162 1432 4262 1)
1471 4160 1662 4263 quod
1703 4161 2097 4244 Dominicis
2153 4160 2237 4241 et
2270 4158 2508 4242 festis
2565 4157 2851 4257 diebus,
2910 4162 3084 4243 Pro·

37 4312 46 4321 ·
174 4282 696 4377 cessionibus,
754 4283 1009 4366 Missis
1065 4284 1360 4381 sacris,
1418 4281 1892 4364 concionibus
1947 4281 2332 4378 intersint;
2401 4281 2498 4381 2)
2563 4279 2657 4362 de
2721 4284 3081 4382 regestro

389 4406 869 4506 quotidianae
926 4406 1378 4506 perceptam
1435 4405 1531 4506 3)
1588 4403 1681 4485 de
1728 4404 1972 4485 reditu
2026 4402 2478 4495 sacristiae,
2539 4403 2875 4487 Musicae

1145 4527 1228 4607 et
1283 4526 1644 4607 fabricae
1702 4525 2119 4609 Ecclesiae.

389 4733 742 4813 Statutum
781 4738 1150 4832 antiquum
1209 4737 1365 4811 sive
1407 4736 1793 4810 Decretum
1840 4735 2237 4833 capitulare
2273 4735 2469 4810 Anni
2494 4736 2865 4811 Millesimi
2903 4734 3079 4811 Sex-

177 4857 552 4933 centesimi
563 4860 844 4953 decimi,
869 4859 1206 4934 Mercurii
1225 4857 1343 4933 die
1369 4858 1794 4934 duodecima
1813 4857 2011 4952 Maii,
2045 4853 2489 4959 obligans2ad
2510 4857 3079 4933 interessendum

183 4981 593 5055 Dominicis
647 4989 720 5055 et
769 4980 976 5055 festis
1013 4980 1292 5074 diebus,
1332 4980 1954 5073 Processionibus,
1995 4979 2249 5054 Missis
2296 4981 2547 5070 sacris,
2588 4979 3077 5076 concionibus;

179 5102 509 5177 similiter
537 5104 852 5177 Decreta
879 5102 1048 5177 bina
1075 5104 1145 5177 in
1167 5102 1638 5197 generalibus
1669 5100 2027 5199 Capitulis
2062 5102 2277 5175 facta:
2309 5101 2628 5176 Primum
2668 5102 2881 5175 Anno
2910 5101 3076 5175 Mil-

177 5222 434 5299 lesimo
461 5222 1113 5322 septingentesimo
1149 5224 1430 5299 decimo
1459 5232 1713 5321 quarto
1765 5246 2013 5299 mense
2051 5222 2271 5317 Maio,
2309 5223 2504 5297 circa
2530 5222 2805 5298 reditus
2832 5220 3075 5297 Sacri·

179 5346 382 5441 stiae,
403 5346 730 5421 Musicae
792 5356 865 5421 et
915 5347 1270 5423 Fabricae
1301 5346 1704 5444 Ecclesiae;
1744 5346 2069 5423 Alterum
2108 5344 2323 5421 Anno
2357 5345 2748 5421 Millesimo
2785 5342 3075 5445 Septin-
