4055 6364
2089 735 2656 812 -280—

1148 946 1245 1012 De
1309 944 2011 1011 alienationibus
2075 964 2233 1009 non
2279 943 2719 1009 faciendis
2787 945 2858 1007 in
2907 944 3158 1008 bonis
3225 943 3688 1009 Ecclesiae
3757 948 3825 1008 et

934 1052 1271 1117 Mensae
1318 1048 1839 1131 capitularis
1888 1048 2144 1133 (Statut.
2194 1048 2322 1129 cl).
2389 1048 2507 1113 Ubi
2557 1048 2932 1125 declaratur,
2985 1048 3038 1113 si
3085 1049 3224 1130 quis
3271 1046 3714 1130 capitularium
3767 1052 3825 1112 in

933 1155 1125 1220 talem
1174 1154 1447 1236 aliquam
1512 1152 1951 1219 alienationem
2016 1154 2422 1231 consenserit,
2489 1152 2682 1217 talem
2728 1151 2796 1215 ut
2842 1151 3156 1232 periurum
3217 1152 3280 1215 et
3323 1152 3528 1234 legum
3575 1170 3818 1217 everso·

936 1278 1090 1337 rem,
1143 1278 1176 1322 e
1223 1255 1514 1341 Capitulo
1565 1256 1829 1335 excludi,
1879 1256 2030 1321 villa
2076 1256 2140 1321 et
2185 1256 2370 1321 domo
2418 1256 2645 1339 privari
2697 1254 2943 1321 debere.

1146 1467 1250 1533 De
1322 1466 1641 1549 gratiis
1709 1485 1745 1529 a
1792 1465 2082 1530 Mensa
2153 1462 2641 1545 episc-opali
2715 1462 3386 1544 capitularibus
3452 1481 3597 1527 non
3653 1463 3827 1527 nisi

940 1570 1565 1637 sacerdotibus
1630 1568 1944 1635 dandis
1992 1567 2250 1651 (Statut.
2306 1566 2469 1650 cll),
2539 1567 2694 1631 alias
2744 1586 2853 1649 per
2900 1565 3262 1649 Capitulum
3307 1586 3430 1631 non
3475 1568 3822 1649 approban-

938 1675 1057 1753 dis,
1110 1677 1173 1739 et
1217 1676 1614 1757 acceptantes
1664 1692 1772 1739 eas
1818 1692 1891 1737 ex
1938 1670 2230 1755 capitulo
2277 1670 2698 1737 excludendis

1145 1881 1251 1945 De
1296 1879 1565 1945 Missa
1608 1878 1743 1962 pfro
1791 1879 2190 1962 peccatis
2235 1877 2502 1943 initio
2549 1878 2910 1943 cuiusvis
2963 1876 3358 1960 Capituli
3408 1879 3827 1964 generalis

939 1984 1486 2049 decantanda
1551 1982 1809 2066 (Statut.
1857 1982 2013 2065 CV).
2080 1982 2222 2047 Hoc
2267 1983 2346 2047 ad
2391 2000 2687 2065 praesens
2751 1984 3135 2061 observatur,
3203 1985 3313 2049 sed
3362 1984 3575 2048 contra
3616 1984 3822 2065 dispo-

940 2089 1229 2153 sitionem
1276 2087 1458 2151 istius
1506 2086 1757 2162 Statuti,
1811 2089 2084 2170 quinque
2130 2106 2376 2151 marcae
2421 2088 2584 2152 inter
2618 2088 3066 2153 interessentes
3116 2107 3235 2152 non
3284 2087 3657 2166 dividuntur3
3709 2088 3820 2151 ab·
3951 2115 3981 2159 f

940 2190 1085 2255 hinc
1130 2190 1200 2255 ut
1244 2190 1619 2264 dividantur,
1672 2190 1949 2254 decernit
1993 2208 2288 2272 praesens
2332 2195 2631 2273 generale
2678 2190 3057 2274 Capitulum.

1146 2414 1260 2479 De·
1298 2413 1741 2495 Capitulis
1786 2414 2044 2480 feriis
2092 2414 2430 2498 quintis
2488 2418 2868 2497 tempore
2915 2414 3658 2501 Quadragesimae
3701 2434 3818 2479 ce·

939 2518 1013 2583 le
1035 2519 1075 2583 b
1097 2539 1124 2581 r
1146 2538 1179 2582 a
1203 2538 1239 2582 n
1261 2517 1389 2582 dis
1438 2516 1696 2601 (Statut.
1738 2516 1958 2602 exn).
2020 2519 2160 2583 Hoc
2207 2520 2625 2601 punctualiter
2672 2520 3055 2595 observatur,
3125 2540 3197 2585 ex
3243 2520 3501 2596 motiv0,
3549 2522 3618 2585 ut
3655 2518 3822 2583 feriis

942 2621 1132 2687 sextis
1171 2620 1559 2703 capitulares
1598 2638 1723 2685 non
1760 2622 2224 2705 impendiantur
2259 2624 2336 2688 ab
2371 2622 2805 2688 intel-essentia
2866 2624 3253 2689 processioni
3299 2628 3360 2687 et
3398 2619 3819 2688 concionibus.

1148 2846 1252 2911 De
1309 2845 2000 2911 Coadiutoribus
2067 2845 2633 2911 admittendis
2703 2844 2960 2930 (Statut.
3013 2844 3354 2930 CXXVH).
3407 2848 3548 2912 Hoc
3591 2844 3820 2913 confor-

943 2950 1127 3015 miter
1172 2949 1252 3015 ad
1296 2949 1774 3032 dispositionem
1818 2948 2005 3015 huius
2053 2948 2286 3015 Statuti
2333 2950 2716 3015 observatur.

1160 3154 1257 3221 De
1324 3154 1927 3222 revisionibus
1992 3156 2403 3222 bonorum
2469 3156 3100 3239 episcopalium
3163 3112 3820 3241 perbeputatos

950 3257 1373 3342 Capituli,
1440 3265 1527 3325 ut
1594 3261 1823 3326 fiant
1880 3261 1952 3324 in
2027 3261 2533 3342 praesentia
2599 3259 3251 3344 capitaneorum
3316 3263 3495 3327 loci
3566 3261 3810 3345 (Statut.

948 3363 1251 3448 CLXIX).
1300 3365 1466 3430 Huic
1511 3365 1758 3431 Statuto
1809 3385 2121 3449 nunquam
2171 3365 2526 3448 derogatur.

1154 3571 1263 3635 De
1308 3570 2036 3654 praesentatione
2083 3571 2171 3636 ad
2217 3571 2710 3636 Ecclesiam
2753 3572 2825 3635 in
2875 3571 3409 3656 Dzierzazna
3452 3590 3820 3656 personae

951 3679 1251 3758 gratae
1314 3674 1719 3757 capitulo
1767 3694 1896 3758 per
1942 3672 2462 3757 capitaneum
2510 3675 3194 3741 Pabianicensem
3239 3674 3497 3757 (Statut.
3531 3673 3815 3756 CXCIV).

948 3779 1087 3843 Hoc
1130 3777 1447 3876 Statutum
1494 3778 1913 3862 punctualiter
1958 3797 2206 3860 semper
2251 3779 2638 3844 observatur.

1158 3985 1261 4050 De
1306 3985 1573 4050 Missa
1619 3986 1943 4050 matura
1990 3985 2426 4050 cantanda
2471 4004 2602 4067 per
2649 3983 3203 4074 Canonicum,
3265 3987 3512 4051 cuius
3558 3985 3823 4050 currit

952 4088 1466 4171 septimana,
1535 4089 1861 4171 quan-do
1926 4087 2581 4171 pontificaliter
2641 4089 2730 4152 ad
2779 4091 3052 4154 maius
3098 4089 3380 4155 Altare
3427 4090 3819 4156 Summum

949 4191 1292 4257 Sacrum
1350 4191 1849 4256 celebratur
1911 4192 2169 4275 (Statut.
2221 4191 2464 4275 CCIII).
2527 4193 2666 4258 Hoc
2711 4194 3132 4276 punctualiter
3175 4195 3563 4272 observatur,
3611 4197 3672 4258 et
3716 4197 3816 4256 ob-

949 4297 1180 4361 servari
1228 4296 1415 4361 debet
1459 4295 1536 4360 de
1583 4294 1798 4360 Missis
1846 4286 2310 4379 septimanatim
2357 4316 2469 4380 per
2514 4295 2861 4364 Canonieos
2907 4297 3332 4364 decantandis.

1155 4503 1262 4567 De
1310 4502 1841 4568 molendinis
1887 4503 1958 4566 in
2004 4502 2262 4567 villis
2327 4503 3224 4584 praestimonialibus
3289 4503 3600 4568 nemini
3663 4521 3816 4567 con-

949 4607 1365 4672 cedendis
1412 4607 1501 4671 ad
1546 4606 1811 4671 vitam
1859 4607 2113 4691 (Statut.
2168 4605 2376 4690 CCX).
2427 4607 2565 4672 Hoc
2611 4607 2973 4672 observatur
3027 4607 3466 4690 punctualiter.

2181 4903 2592 4910 ———--——-—-——-

4004 3791 4018 4328 4

3936 5601 4018 6364 l
