4055 6364
1384 750 1749 847 ‘103
1857 797 1959 811 -.

226 958 421 1035 nudi
471 959 765 1035 Domini
814 960 891 1035 in
943 960 1085 1047 hoc
1135 964 1463 1059 generali
1516 962 1857 1061 Capitulo
1910 963 2336 1058 congregati
2389 961 2482 1039 de
2536 961 3122 1059 deputationibus

227 1081 433 1156 etiam
483 1079 573 1158 ad
628 1079 969 1180 Synodos
1020 1086 1531 1181 provinciales,
1588 1086 2236 1183 dioecesanasque,
2291 1092 2438 1159 tum
2497 1092 2570 1161 et
2621 1083 2935 1161 Comitia
2987 1108 3116 1179 ge·

224 1202 487 1278 nei-alia
552 1202 795 1299 Regni
845 1198 935 1279 ac
988 1204 1407 1283 Conventus
1478 1209 1953 1307 particulares
2023 1230 2490 1304 quoscunque
2562 1230 2693 1304 pro
2767 1207 3120 1281 varietate

227 1332 291 1397 et
338 1326 703 1419 exigentia
772 1329 1227 1422 negotiorum
1302 1329 1685 1405 Ecclesiae
1756 1329 2282 1405 extendendam
2359 1337 2788 1427 putaverunt
2853 1354 2942 1403 ac
2996 1329 3120 1403 dc·

226 1454 613 1521 creverunt.
696 1446 787 1521 In
840 1450 1173 1524 omnibus
1226 1459 1465 1525 tamen
1517 1452 1613 1527 iis
1665 1453 1957 1527 casibus
1979 1508 1997 1543 ,
2071 1453 2196 1525 ubi
2249 1450 2342 1525 de
2395 1454 2613 1528 rebus
2676 1448 3122 1549 Episcopum

226 1588 347 1641 seu
418 1568 743 1643 Mensam
813 1570 1047 1666 ipsius
1119 1572 1609 1670 episcopalem
1682 1575 2146 1669 tangentibus
2207 1583 2562 1669 ageretur,
2638 1573 3120 1648 Reverendis·

224 1688 441 1763 simus
476 1690 831 1765 Dominus
866 1691 1302 1789 Episcopus,
1360 1718 1558 1770 more
1606 1703 1679 1770 et
1715 1697 2048 1793 exemplo
2086 1695 2440 1771 Maiorum
2496 1717 2808 1787 suorum,
2865 1694 3120 1768 Domi-

226 1809 333 1883 nis
370 1810 606 1885 taliter
641 1811 1005 1910 deputatis
1043 1816 1283 1889 omnia
1334 1818 1571 1893 victus
1609 1825 1679 1891 et
1716 1819 1963 1893 viatici
2016 1818 2451 1907 necessaria,
2503 1818 2858 1913 simulque
2895 1838 3124 1912 equos

228 1940 295 2003 et
346 1956 595 2008 currus
666 1958 755 2016 ac
828 1935 1201 2011 decentem
1274 1940 1681 2013 comitivam
1759 1949 2132 2036 praestare
2205 1963 2493 2037 semper
2565 1946 2637 2013 et
2703 1939 3122 2034 impendere

224 2051 507 2129 debebit
558 2060 633 2129 ct
686 2058 1067 2133 tenebitur.
1160 2058 1371 2149 Quod
1447 2062 1513 2135 si
1565 2062 1913 2160 Deputati
1966 2086 2011 2135 a
2065 2060 2406 2159 Capitulo
2478 2061 2579 2133 ita
2650 2066 2728 2133 ut
2799 2059 3126 2157 proxime

224 2177 685 2269 praemissum
740 2186 885 2271 est,
944 2181 1217 2275 provisi
1271 2204 1409 2257 non
1467 2184 1769 2276 fuerint,
1828 2192 2092 2261 extunc
2145 2182 2236 2257 ad
2291 2181 2822 2278 deputationcm
2876 2180 3122 2255 huius·

222 2296 413 2381 modi
459 2298 567 2373 ire
620 2322 760 2373 non
818 2312 1025 2375 erunt
1076 2302 1446 2398 adstricti,
1514 2303 1643 2380 scd
1700 2315 1772 2381 et
1824 2304 2234 2402 Capitulum
2289 2305 2366 2378 in
2421 2305 2574 2379 suis
2625 2303 2942 2400 propriis
2995 2326 3120 2377 ne·

224 2419 437 2513 gotiis
486 2420 627 2495 hoc
678 2422 873 2498 idem
928 2424 1365 2501 observabit.

421 2540 490 2618 N
492 2565 577 2617 os
629 2543 871 2640 itaque
942 2548 1527 2643 praenominatus
1598 2548 2014 2647 Episcopus
2067 2546 2252 2623 haec
2321 2547 2770 2644 praeinserta
2841 2542 3125 2623 Statuta.

222 2662 407 2739 iusta
456 2674 528 2739 et
562 2664 891 2759 legitima
942 2690 1107 2746 esse
1160 2670 1709 2767 perspicientes,
1764 2671 1841 2745 in
1878 2694 1965 2745 ea
2004 2670 2316 2745 libenter
2367 2668 2856 2745 consentimus
2909 2675 3126 2762 atque

222 2784 345 2859 illa
394 2788 818 2863 auctoritate
872 2797 1121 2866 nostra
1174 2791 1539 2897 ordinaria
1604 2794 2092 2890 approbamus
2145 2800 2220 2867 et
2271 2790 2777 2865 confirmamus
2797 2842 2816 2878 ‚
2875 2787 3122 2863 decer-

224 2916 469 2983 nentes
536 2934 627 2985 ea
698 2911 841 2985 vim
907 2936 995 2985 ac
1064 2913 1285 2989 robur
1358 2922 1749 3012 perpetuae
1833 2916 2192 2991 firmitatis
2263 2914 2588 2995 obtinere
2661 2910 2948 2986 debere.
3037 2910 3122 2983 In

226 3029 425 3107 cuius
474 3031 581 3105 rei
624 3031 839 3106 fidem
896 3035 1403 3131 praesentibus
1452 3035 1685 3111 literis
1734 3034 2074 3132 Sigillum
2129 3046 2446 3109 nostrum
2507 3041 2621 3107 est
2673 3055 3121 3129 appressum.

226 3150 477 3228 Actum
532 3162 605 3230 et
656 3154 901 3230 datum
954 3155 1027 3230 in
1082 3156 1474 3251 Bodzecim
1532 3158 1677 3234 Die
1730 3155 2054 3258 Septima
2105 3157 2388 3234 Mensis
2437 3154 2644 3250 Julii,
2701 3154 2916 3230 Anno
2970 3154 3123 3228 Do-

224 3275 395 3350 mini
451 3273 671 3350 1574.

1467 3484 1871 3588 CXXIII.

227 3687 603 3772 statutum
643 3711 877 3793 super
924 3693 1156 3777 rebus
1206 3693 1305 3774 ab
1346 3692 1744 3776 intestatis
1802 3693 2196 3793 Episcopis
2252 3691 2660 3788 derelictis,
2722 3710 2862 3792 per
2916 3690 3126 3790 capi·

427 3814 655 3894 tulum
712 3813 1217 3916 disponendis.
1284 3815 1493 3897 Anno
1550 3815 1823 3896 Domini
1878 3815 2085 3897 1576.
2143 3815 2270 3895 Die
2329 3813 2445 3894 24
2500 3811 2904 3895 Februarii.

428 4005 867 4082 Franciscus
938 4006 1338 4082 Krasinski
1406 4007 1553 4081 Dci
1624 4008 1863 4102 gratia
1927 4007 2344 4104 Episcopus
2409 4004 2955 4095 Cracoviensis,
3029 4003 3122 4078 si-

226 4127 647 4220 gnificamus
718 4131 1222 4228 praesentibus
1287 4130 1517 4207 literis
1572 4129 1880 4205 nostris:
1959 4128 2301 4203 Oblatum
2357 4151 2523 4202 esse
2575 4126 2787 4202 nobis
2842 4124 3128 4201 nomine

227 4246 687 4327 Venerabilis
757 4250 1075 4348 Capituli
1140 4252 1366 4328 nostri
1439 4250 1977 4326 Cracovieusis·
2023 4247 2417 4343 Statutum,
2491 4245 2752 4342 Sigillo
2807 4245 3126 4322 eiusdem

229 4367 540 4469 Capituli
620 4373 1131 4448 Cracovicnsis
1212 4374 1715 4448 communitum
1791 4381 1865 4446 et
1934 4373 2430 4467 obsignatum,
2520 4378 2732 4466 atquc
2803 4393 2849 4444 a
2918 4369 3130 4442 nobis

229 4495 659 4589 postulatum
716 4504 862 4588 est,
938 4503 1015 4570 ut
1064 4496 1139 4568 in
1194 4496 1333 4571 hoc
1385 4496 1621 4592 ipsum
1698 4492 2052 4570 Statutnm
2126 4493 2732 4582 consentiremus,
2807 4489 3130 4586 illudque

227 4615 652 4690 authoritate
706 4624 953 4691 nostra
1004 4616 1371 4691 ordinaria
1406 4617 1813 4712 approbare
1860 4623 1932 4690 et
1968 4615 2393 4690 confirmare
2449 4613 2929 4707 dignaremur.
2987 4609 3130 4685 Cu-

230 4735 339 4812 ius
374 4737 659 4834 quidem
698 4735 959 4812 Statuti
1003 4739 1093 4812 de
1128 4739 1355 4814 verbo
1403 4739 1493 4812 ad
1535 4738 1831 4812 verbum
1885 4746 2090 4812 tenor
2139 4737 2464 4832 sequitur
2499 4743 2572 4809 et
2607 4743 2717 4808 est
2754 4733 3126 4808 eiusmodi.

431 4857 723 4932 Dudum
776 4866 944 4934 ante
990 4883 1221 4934 annos
1266 4859 1613 4934 ducentos
1665 4883 1795 4958 per
1840 4857 2286 4938 Bodzantam
2334 4859 2498 4955 piae
2537 4855 2918 4930 memoriae
2955 4853 3127 4950 Epi-

235 5001 521 5079 scopum
580 4978 1140 5056 Cracoviensem
1215 4981 1600 5058 salubriter
1650 4982 1788 5056 fuit
1841 4981 2339 5056 constitutum:
2412 4978 2604 5076 quod
2659 4979 2722 5052 si
2776 4975 3131 5073 quispiam

234 5099 721 5177 Praelatorum
777 5126 906 5178 seu
960 5100 1484 5178 Canonicorum
1540 5079 1863 5178 eiusdem
1918 5102 2300 5176 Ecclesiae
2375 5098 2774 5176 decesserit
2836 5098 3130 5170 intesta·

234 5229 366 5317 tus,
418 5223 859 5300 Venerabile
897 5223 1305 5322 Capitulum
1358 5247 1488 5322 per
1525 5223 2042 5299 Procuratores
2081 5246 2275 5316 suos,
2333 5221 2746 5296 Inventario
2787 5217 2875 5292 de
2916 5217 3134 5291 rebus

234 5344 329 5419 ita
376 5347 639 5422 mortui
694 5348 1059 5422 derelictis
1111 5346 1422 5422 fideliter
1474 5347 1713 5438 facto,
1767 5344 2070 5419 liberam
2128 5343 2578 5439 disponendi,
2651 5349 2866 5439 prout
2913 5337 3130 5412 saluti
