4055 6364
53 4827 84 6306 μ-ῄ-Ὗ--ῂ--ἠ
54 4781 57 4820 -
54 4703 57 4770 ’-’·
54 4183 59 4676 -——-
54 4113 57 4172 ’-·
54 4093 56 4096 ’
54 4049 56 4078 -·
54 3833 59 4034 ----
54 1550 61 3822 -ρῄῇῂ-ῂ-’-·ῂ---ψ
54 644 63 1511 ‘-——·--=——---—-·

1377 757 1896 835 -55—

221 980 468 1073 vimus,
545 1001 634 1052 ac
687 975 1051 1074 praesenti
1120 980 1370 1049 nostra
1422 971 1942 1048 deliberatione
1996 976 2070 1045 et
2122 970 2629 1045 constitutione
2686 966 3085 1060 statuimus,

219 1100 642 1175 declaramus
697 1106 770 1173 et
815 1096 1333 1172 inviolabiliter
1387 1120 1430 1168 a
1483 1093 1698 1168 modo
1753 1100 1825 1167 et
1878 1091 2221 1189 deinceps
2297 1092 2742 1188 temporibus
2798 1090 3087 1164 duratu-

221 1224 332 1316 ris,
385 1220 914 1296 observandum
969 1226 1040 1293 et
1095 1215 1476 1292 tenendum
1530 1216 1624 1291 ab
1679 1215 2009 1291 omnibus
2060 1214 2249 1304 fore,
2306 1213 2637 1287 volumus
2690 1221 2762 1286 et
2814 1209 3089 1309 praeci-

219 1345 453 1441 pimus.
546 1341 762 1432 Quod
819 1341 1099 1415 duobus
1151 1340 1271 1413 vel
1325 1338 1652 1435 pluribus
1723 1336 2312 1431 competitoribus
2385 1358 2605 1432 super
2672 1334 3094 1409 Praelatura

217 1467 314 1538 vel
365 1465 786 1539 Praebenda
838 1463 1220 1537 Ecclesiae
1287 1460 1797 1534 Cracoviensis
1870 1457 2361 1552 litigantibus,
2436 1456 2573 1530 hoc
2628 1465 2741 1531 est
2795 1476 3087 1551 quomo-

219 1588 566 1684 docunque
619 1594 692 1661 et
745 1585 1329 1682 qualitercunque
1386 1581 1996 1669 concurrentibus,
2057 1587 2179 1653 aut
2215 1603 2296 1653 se
2351 1579 2607 1675 quavis
2661 1577 3087 1653 auctoritate

225 1710 645 1807 superiorum
700 1715 774 1781 et
809 1706 1192 1781 occasione
1246 1706 1316 1777 in
1373 1704 1830 1797 Praelatum,-
1863 1711 1986 1777 aut
2037 1700 2670 1792 Praebendarium,
2728 1700 2883 1774 sive
2948 1697 3087 1771 Ca-

217 1832 522 1905 nonicum
590 1830 1046 1924 intronisari,
1117 1828 1391 1925 recipi,
1467 1826 1744 1901 admitti
1797 1833 1871 1899 et
1920 1824 2317 1916 installari,
2392 1832 2471 1897 ut
2521 1823 2744 1897 moris
2799 1829 2911 1895 est
2964 1844 3087 1918 pe-

230 1954 515 2028 tentibus
569 1960 642 2027 et
693 1951 1216 2044 obtinentibus,
1273 1950 1514 2023 nullus
1569 1971 1810 2022 eorum
1864 1955 2007 2019 tam
2062 1946 2155 2019 ad
2209 1946 2675 2035 refectiones,
2734 1968 2945 2039 quam
2998 1942 3093 2016 ad

224 2074 387 2149 Jura
435 2072 880 2171 Capitularia
931 2074 1145 2149 debet
1197 2071 1514 2165 admitti,
1570 2092 1943 2165 usquequo
1999 2068 2423 2162 diversitas,
2482 2066 2811 2164 quaestio
2867 2073 2937 2139 et
2988 2064 3085 2140 lis

225 2197 439 2269 taliter
490 2220 621 2293 per
675 2205 748 2270 et
797 2196 986 2269 inter
1039 2216 1168 2269 eos
1222 2194 1650 2292 suscitatae,
1727 2198 2020 2265 exortae
2076 2197 2150 2263 et
2200 2196 2476 2280 motae,
2554 2213 2682 2287 per
2752 2187 3087 2263 <Iudicem

226 2324 718 2415 competentem
787 2317 1164 2390 diffinitate
1219 2324 1292 2389 et
1345 2313 1631 2388 decisae
1699 2312 1984 2386 fuerint.
2044 2312 2237 2385 ·Nec
2295 2335 2679 2408 processus
2733 2332 2861 2407 per
2912 2309 3087 2405 Epi-

223 2463 490 2537 scopum
547 2449 674 2514 aut
727 2440 1206 2536 Capitulares,
1289 2438 1508 2511 alicui
1559 2438 1842 2511 illorum
1914 2436 1988 2507 in
2062 2435 2479 2527 suffragium
2564 2433 2829 2507 debent
2908 2431 3085 2522 dari,

224 2562 412 2635 etiam
465 2564 530 2637 si
579 2562 848 2657 aliquis
902 2582 1144 2635 eorum
1200 2567 1548 2651 teneatur,
1627 2582 1759 2655 pro
1814 2579 2243 2655 possessore
2316 2557 2455 2629 nisi
2509 2557 2691 2629 forte
2746 2556 2820 2628 in
2875 2555 3093 2627 benc-

229 2684 376 2757 ficio
429 2686 637 2775 foret,
693 2707 826 2781 per
879 2706 1138 2756 annum
1193 2683 1548 2777 integrum
1605 2680 1978 2779 pacificus,
2040 2678 2168 2752 tali
2222 2678 2408 2751 enim
2461 2700 2603 2750 non
2658 2676 2924 2751 debent
2973 2698 3096 2746 ne-

228 2806 371 2899 gari
420 2828 848 2902 processus,
922 2804 1066 2878 nisi
1120 2828 1340 2901 super
1393 2803 1649 2901 spoliis
1701 2803 1791 2876 ab
1848 2801 2269 2875 adversario
2333 2824 2463 2898 per
2514 2798 3095 2897 Appellationem

225 2928 679 3023 impeteretur.
748 2927 894 3017 Qui
931 2927 1468 3024 possessionem
1509 2926 1817 2999 omnium
1876 2923 2346 3015 decimarum,
2405 2928 2530 2995 aut
2582 2920 2875 2994 maioris
2930 2942 3093 3016 par-

227 3050 308 3123 tis
351 3048 813 3124 Praelaturae
868 3050 986 3123 vel
1041 3048 1508 3123 Praebendae
1562 3053 1974 3143 acceptate,
2048 3045 2233 3120 inter
2299 3044 2669 3139 litigantes
2740 3044 3092 3135 habuerit,

221 3170 389 3246 idem
439 3170 799 3248 tenebitur
849 3172 922 3246 in
975 3171 1316 3246 Ecclesia
1368 3195 1500 3268 pro
1555 3192 2003 3268 possessore.
2074 3166 2153 3242 Si
2207 3175 2439 3243 autem
2499 3165 2640 3242 duo
2695 3191 2787 3241 ex
2839 3189 3091 3262 aequo,

229 3294 520 3370 decimas
574 3295 648 3369 in
706 3296 1174 3391 possessione
1225 3295 1629 3386 habuerint,
1688 3301 1947 3368 extunc
2002 3292 2203 3390 prius
2252 3299 2590 3389 receptus
2643 3289 2714 3363 in
2758 3288 3096 3362 Ecclesia

225 3418 550 3492 tenebitur
603 3420 684 3491 ut
735 3440 1144 3514 possessor.
1229 3415 1634 3513 Sequuntur
1687 3415 1976 3491 nomina
2027 3414 2497 3489 Dominorum
2554 3411 3093 3508 Capit-niarium,

229 3547 656 3634 praesentem
711 3538 1268 3613 declarationem
1325 3538 1801 3614 condentium.
1859 3537 2132 3612 Paulus
2188 3536 2277 3608 de
2334 3533 2673 3608 Glowina
2728 3535 3090 3626 Decanus‚

230 3659 588 3736 Johannes
641 3660 1056 3758 Woyschik
1129 3660 1433 3753 Custos,
1508 3660 1886 3736 Johannes
1955 3658 2286 3756 Raphael
2357 3658 2446 3730 de
2516 3653 2903 3750 TharnoW,
2960 3653 3092 3730 Jo-

225 3781 474 3858 hannes
525 3783 933 3877 Dlugosch‚
991 3783 1321 3858 Jacobus
1377 3785 1466 3857 de
1521 3781 1900 3874 Schadek,
1955 3781 2317 3855 Derslaus
2372 3780 2461 3852 de
2518 3778 2907 3870 Carnicze,
2961 3775 3089 3851 Jo-

221 3901 468 3980 hannes
519 3905 1094 4004 Baruchowsky,
1153 3902 1561 3979 Stanislaus
1615 3903 2071 4001 Wisliczsky
2126 3902 2215 3975 (le
2271 3901 2760 3991 Corithnicza,
2815 3897 3089 3974 Johau-

218 4048 334 4099 nes
381 4027 465 4101 de
519 4023 864 4124 Slupcza,
939 4024 1208 4101 Sacrae
1262 4026 1715 4121 Theologiae
1771 4025 2191 4117 Professor3
2245 4023 2296 4098 J
2302 4024 2623 4098 ohannes
2678 4020 2767 4094 de
2822 4020 3089 4094 Latho-

221 4145 462 4244 schyn,
533 4149 1012 4223 Decretorum
1085 4150 1400 4244 Doctor;
1474 4148 1852 4223 Johannes
1923 4146 2374 4244 Pyenyazek
2443 4144 2531 4218 de
2588 4143 2968 4220 Oruslowa
3023 4149 3095 4216 et

219 4265 608 4367 Arnolphus
690 4269 780 4344 de
859 4269 1368 4368 Mirzynyecz,
1454 4267 1723 4348 Sacrae
1805 4269 2259 4365 Theologiae
2344 4267 2727 4342 Professor
2797 4273 2872 4340 et
2940 4266 3089 4338 De·

221 4399 542 4467 cretorum
581 4391 898 4487 Doctor3
953 4391 1272 4466 Praelati
1309 4402 1382 4466 ct
1417 4391 1768 4466 Canonici
1819 4391 2200 4466 Ecclesiae
2239 4389 2773 4466 Cracoviensis.
2829 4385 3090 4462 Actum

219 4519 281 4583 et
327 4513 554 4590 datum
612 4515 688 4586 in
741 4514 1070 4609 generali
1142 4512 1480 4612 Capitulo
1536 4536 1666 4610 pro
1721 4516 1910 4588 festo
1982 4512 2520 4588 Purificationis
2592 4510 2862 4586 Beatae
2934 4509 3090 4581 Ma-

221 4633 356 4708 riae
403 4633 772 4730 Virginis,
831 4636 1235 4730 celebrato,
1307 4634 1521 4708 Anno
1577 4637 1870 4710 Domini
1925 4634 2317 4708 Millesimo
2390 4631 3091 4729 quadringentesimo

223 4759 729 4853 septuagesimo
785 4767 1042 4833 octavo
1101 4758 1216 4833 die
1273 4757 1649 4833 undecima
1701 4756 1984 4831 Mensis
2038 4757 2440 4854 February.
