4055 6364
2106 725 2676 802 -208—

2220 951 2583 1052 CCLDQ

945 1165 1476 1248 valetudinarii
1533 1166 1617 1245 et
1670 1161 1879 1245 senio
1945 1158 2282 1242 confecti
2353 1160 2646 1240 tantum
2704 1157 2801 1239 ad
2858 1156 3248 1257 Hospitale
3320 1156 3587 1239 Sancti
3664 1156 3850 1235 uar-

947 1289 1081 1370 tini
1157 1285 1642 1386 recipiantur,
1717 1282 2049 1364 exclusis
2120 1279 2507 1382 quibusvis
2610 1278 3096 1381 Presbyteris
3194 1299 3288 1360 ex
3350 1280 3600 1360 mente
3680 1279 3851 1359 Fun-

1243 1408 1613 1490 datorum.
1671 1403 1878 1486 Anno
1938 1403 2114 1484 l72l.
2172 1401 2563 1485 Sabbatbo
2618 1403 2733 1483 (lie
2794 1402 2844 1482 ll
2903 1399 3254 1483 octobris
3310 1402 3563 1481 latum.

1151 1617 1538 1714 Hospitale
1611 1615 1702 1688 ad
1777 1614 2187 1688 Ecclesiam
2263 1610 2509 1688 Sancti
2581 1612 2874 1686 Martini
2956 1612 3392 1706 regularium
3466 1609 3847 1706 Virginum

945 1739 1576 1826 discalceatarum,
1635 1735 1824 1809 unde
1879 1743 1952 1808 et
2004 1758 2263 1808 nomen
2320 1735 2661 1831 sumpsit,
2721 1758 2881 1808 cum
2936 1757 3069 1833 pro
3126 1732 3593 1831 Presbyteris
3648 1731 3851 1804 senio

945 1861 1360 1936 fractis-aut
1397 1858 1964 1946 valetudinariis,
1993 1857 2323 1949 integrae
2354 1855 2819 1930 nihilominus
2846 1857 3102 1947 famae,
3152 1859 3248 1929 sit
3284 1865 3621 1946 erectum,
3664 1853 3847 1926 eius-

946 1983 1250 2078 demque
1305 1979 1745 2054 fundationis
1818 1988 2212 2075 proventus
2268 2000 2400 2074 pro
2454 1977 2601 2050 illis
2658 1977 2967 2074 expendi
3024 1979 3325 2070 debeat,
3397 1985 3667 2050 tantum
3730 1997 3853 2072 per

945 2105 1246 2179 abusum
1300 2125 1474 2175 vero
1529 2100 1622 2174 ad
1675 2100 1866 2174 idem
1927 2099 2307 2196 Hospitale
2362 2108 2596 2172 mente
2634 2101 2849 2196 capti,
2907 2101 3025 2174 vel
3077 2100 3477 2174 insolentes
3530 2097 3853 2172 accusati

945 2225 1264 2300 criminis
1329 2247 1420 2298 ex
1491 2223 1830 2296 Decretis
1897 2221 2329 2318 deputantur
2406 2231 2477 2294 et
2529 2223 3021 2313 immittuntur,
3078 2224 3201 2318 qui
3256 2223 3359 2296 uti
3410 2247 3459 2295 a
3510 2222 3636 2294 tali
3694 2222 3849 2295 fun-

947 2347 1236 2420 datione
1313 2345 1590 2419 exclusi
1665 2351 1915 2418 contra
1985 2352 2295 2417 mentem
2368 2354 2439 2417 et
2493 2345 3017 2419 ordinationem
3090 2345 3279 2442 piam
3356 2342 3848 2418 Fundatorum

947 2491 1174 2565 panes
1228 2468 1590 2560 egentium
1663 2473 2091 2540 consumunt
2155 2465 2515 2541 indebite:
2592 2465 2759 2541 ideo
2812 2466 3142 2541 volentes
3214 2467 3473 2540 tollere
3544 2467 3848 2540 abusum

945 2589 1346 2663 fundationi
1416 2587 2063 2684 praeiudiciosum,
2138 2587 2401 2662 abhinc
2484 2613 2613 2663 seu
2690 2614 2733 2662 a
2806 2591 2973 2662 data
3049 2591 3454 2686 praesentis
3531 2589 3845 2678 Decreti,

945 2710 1414 2785 Perillustres
1469 2720 1540 2783 et
1591 2707 2209 2783 Reverendissimi
2245 2710 2543 2784 Domini
2580 2709 3013 2808 Capitulum,
3072 2721 3307 2786 mente
3346 2719 3605 2808 captos
3660 2735 3844 2785 sem-

952 2855 1083 2930 per
1130 2833 1220 2906 ad
1271 2831 1632 2928 lapideam
1669 2841 1905 2905 mente
1943 2839 2313 2928 captorum
2352 2855 2527 2908 suae
2563 2833 3037 2928 fundationis,
3070 2835 3389 2909 exclusis
3442 2837 3661 2908 etiam
3714 2833 3848 2906 cri-

948 2956 1248 3031 minosis
1303 2955 1711 3048 decl-etatis,
1769 2954 2278 3029 concluserunt
2324 2977 2489 3028 esse
2528 2954 3011 3051 dimittendos,
3066 2956 3387 3031 Decreto
3438 2956 3848 3053 praesentis

946 3076 1060 3152 sui
1114 3077 1482 3171 generalis
1538 3073 1880 3172 Capituli.

2255 3389 2575 3490 CCLX.

949 3599 1053 3678 lle
1109 3596 1622 3679 celebratione
1679 3594 2158 3677 consiliorum
2228 3598 2741 3698 capitularium
2799 3602 3140 3700 tempore
3196 3602 3845 3704 quadragesimali,

948 3717 1214 3800 diebus
1271 3716 1671 3815 sabbathi,
1743 3737 1884 3800 non
1950 3717 2317 3801 obstante
2374 3721 2675 3823 antiquo
2741 3721 3076 3803 statuto.
3136 3723 3379 3805 Lunae
3438 3724 3557 3807 (lie
3613 3725 3665 3805 9
3721 3726 3847 3806 Fe-

2001 3837 2277 3921 bruarii
2336 3841 2543 3923 Anno
2601 3844 2805 3924 1722.

1157 4048 1596 4124 Statutorum
1655 4051 1812 4123 sive
1867 4047 2170 4144 statuti,
2250 4058 2585 4146 quantum
2642 4051 2734 4125 ad
2791 4053 3315 4128 Processiones
3385 4078 3597 4129 sacra
3654 4056 3847 4147 Qua·

951 4171 1366 4265 dragesima
1418 4171 1815 4265 faciendae,
1857 4174 2327 4247 reassumitur
2364 4174 2917 4270 immutaturque
2953 4174 3211 4251 modus
3250 4175 3340 4251 de
3378 4179 3845 4275 necessitate3

948 4299 1020 4366 et
1072 4292 1241 4387 quia
1311 4294 1400 4367 de
1471 4316 1671 4367 more
1741 4294 2039 4389 antiquo
2112 4293 2364 4367 eodem
2441 4295 3049 4391 quadragesimali
3121 4304 3443 4395 tempore
3518 4298 3849 4374 Consilia

947 4412 1370 4510 capitularia
1397 4415 1864 4488 absolvantur
1915 4416 2119 4489 feriis
2174 4416 2437 4507 sextis,
2492 4416 2663 4491 inde
2718 4419 2929 4491 etiam
2978 4420 3366 4493 conciones
3424 4444 3557 4517 per
3617 4421 3845 4496 Prae-

948 4533 1308 4609 dicatores
1379 4537 1784 4610 ordinarios
1859 4537 2071 4611 huius
2138 4537 2595 4613 Cathcdralis
2668 4539 3044 4614 Ecclesiae
3098 4541 3259 4614 fieri
3312 4543 3570 4617 solitae
3624 4544 3843 4618 inter·

949 4656 1341 4753 mittantur3
1415 4666 1814 4732 statuerunt
1884 4657 2350 4734 Perillustres
2410 4671 2481 4734 et
2536 4661 3145 4735 Reverendissimi
3222 4662 3634 4760 Capitulum
3706 4667 3841 4741 im-

953 4778 1408 4851 mutationem
1485 4802 1622 4853 non
1677 4780 2041 4855 inutilem:
2124 4792 2197 4856 nt
2250 4784 2514 4857 abhinc
2569 4794 2641 4858 et
2692 4810 2736 4857 a
2793 4786 3156 4882 praesenti
3210 4787 3526 4859 Decreto
3580 4786 3845 4863 diebus

949 4894 1300 4973 sabbathi
1356 4901 1808 4975 celebrentur
1861 4904 2287 4998 capitularia
2341 4904 2691 4980 Consilia.
