4055 6364
1231 808 1237 813 .
1375 792 1474 804 -
1582 748 1681 827 33
1798 795 1888 805 ,-

1453 908 1464 1065 fl
1503 954 1736 1057 xm.

602 1167 710 1250 De
761 1164 975 1250 modo
1029 1164 1479 1269 disponendi·
1515 1167 1878 1267 pecuniae
1933 1186 2029 1249 ex
2081 1167 2654 1253 anniversariis.

377 1380 652 1457 Nullus
709 1377 1172 1474 Procurator,
1233 1400 1372 1453 nec
1423 1377 1660 1475 ipsum
1724 1373 2177 1475 Capitulum,
2249 1380 2597 1477 pecunias
2645 1402 2780 1477 pro
2830 1380 3076 1459 huius-

42 1580 44 1595 ,
185 1504 367 1587 modi
419 1502 920 1579 anniversario
974 1500 1372 1599 depositas,
1426 1500 1501 1573 in
1558 1506 1706 1574 toto
1761 1500 1880 1573 vel
1931 1500 2008 1573 in
2061 1506 2263 1597 parte
2307 1500 2401 1576 ad
2438 1502 2659 1576 alium
2696 1525 2901 1578 usum
2934 1504 3077 1579 nisi

42 1724 44 1729 Ι
183 1626 265 1703 ad
301 1649 508 1723 quem
559 1624 945 1723 deputatae
999 1630 1168 1699 sunt
1221 1630 1293 1697 et
1329 1620 1727 1719 depositae,
1785 1646 2210 1720 quacunque
2264 1624 2699 1699 necessitate
2752 1649 2895 1701 non
2949 1626 3075 1701 ob·

185 1757 428 1843 stante,
482 1749 728 1846 aliquo
783 1744 997 1823 modo
1051 1750 1461 1838 convertat,
1519 1744 1648 1819 sed
1705 1768 1840 1822 nec
1895 1754 2139 1821 mutuo
2194 1745 2421 1841 datis,
2480 1747 2905 1844 pignoribus
2956 1748 3077 1823 vel

183 1870 628 1946 cautionibus
682 1869 1251 1968 quibuscunque,
1308 1873 1932 1966 quantumcunque
2004 1868 2531 1944 sufficientibus
2604 1877 3075 1965 exponantur,

183 1993 302 2069 sed
351 2014 490 2091 pro
538 2014 628 2068 eo
664 1992 903 2069 taliter
956 1997 1495 2084 conserventur,
1554 1998 1632 2065 ut
1666 1992 1732 2066 si
1773 1994 1932 2067 Deo
1985 1999 2483 2091 prosperante,
2536 1992 2890 2089 pecuniae
2942 1991 3073 2068 hu-

180 2113 482 2191 iusmodi
552 2115 1055 2191 anniversales
1134 2137 1484 2190 successu
1561 2114 1911 2213 temporis
1990 2122 2415 2211 augeantur,
2498 2122 2572 2190 et
2638 2112 2734 2190 ad
2803 2121 3076 2191 tantum

177 2237 621 2332 resultarent,
675 2246 848 2334 quot
882 2236 1108 2334 aliqui
1143 2260 1406 2313 census
1458 2238 1698 2333 annui,
1755 2243 1861 2312 tot
1915 2244 2089 2335 quot
2142 2244 2442 2335 possent
2492 2237 2656 2333 emi,
2713 2237 2809 2311 ad
2862 2261 3072 2314 usum

181 2358 614 2457 praedictum
681 2367 1208 2458 comparentur.
1302 2359 1511 2450 Quae
1569 2359 1870 2458 ‘quidem
1942 2360 2293 2458 pecuniae
2344 2359 2420 2433 in
2476 2359 2781 2457 speciali
2852 2383 3077 2458 capsa

181 2503 301 2557 seu
348 2482 568 2577 cista,
635 2490 786 2558 tres
839 2482 1088 2558 claves
1141 2491 1214 2557 et
1267 2505 1474 2558 seras
1526 2483 1880 2559 habentes
1933 2484 2431 2575 servabuntur,
2506 2505 2803 2579 quarum
2858 2505 3073 2558 unam

42 2614 45 2695 ζ
181 2604 412 2679 senior
466 2604 846 2681 Praelatus
908 2605 1027 2680 vel
1082 2603 1533 2701 Canonicus,
1591 2614 1664 2681 et
1713 2606 1902 2681 alias
1956 2604 2138 2681 duas
2190 2605 2711 2682 Procuratores
2782 2628 3071 2681 conser-

42 2724 45 2811 ξ
183 2726 464 2803 vabunt.

1472 3055 1752 3158 XLII.

239 3265 339 3349 ue
393 3265 819 3349 rationibus
873 3261 1253 3350 faciendis
1311 3284 1404 3348 ex
1458 3267 2024 3365 anniversariis,
2085 3269 2171 3350 et
2216 3267 2718 3370 procurandis
2774 3268 3019 3352 rebus

895 3389 1372 3474 necessariis
1425 3389 1761 3474 ciusdem
1821 3390 2345 3474 anniversarii.

365 3601 605 3674 Facta
659 3597 1159 3676 distributione
1215 3599 1306 3674 de
1359 3601 1688 3698 pecuniis
1741 3599 2057 3696 eisdem,
2122 3607 2199 3677 ut
2251 3603 2655 3699 praefertur
2724 3624 3067 3700 praesen·
3213 3605 3221 3612 '

179 3723 334 3797 tium
383 3722 898 3817 Dominorum,
956 3718 1452 3820 Scholaribus‚
1506 3722 1826 3818 Vigilias
1880 3729 1954 3797 et
2007 3723 2311 3798 Missam
2368 3725 2828 3822 exequiarum
2900 3747 3069 3798 can-

181 3845 509 3939 tantibus,
567 3850 732 3918 octo
781 3845 1050 3939 grossi,
1110 3843 1409 3919 Cantori
1463 3867 1668 3939 unus,
1726 3844 2160 3920 Rectoribus
2211 3844 2648 3941 Vigiliarum
2688 3854 2759 3920 et
2794 3845 3069 3920 Missae
3202 3891 3211 3900 ·

179 3965 484 4043 Vicariis
540 3966 683 4042 duo
717 3967 987 4062 grossi,
1045 3967 1505 4043 ceroferariis
1542 3991 1670 4043 seu
1709 3969 2056 4043 candelas
2109 3969 2541 4062 tenentibus,
2600 3969 2895 4044 cuilibet
2941 3992 3071 4067 per

181 4096 312 4166 tres
362 4089 728 4182 denarios,
782 4088 1302 4166 Procuratores
1356 4089 1710 4188 praedicti
1764 4091 2280 4186 assignabunt3
2337 4089 2687 4166 candelae
2742 4099 2815 4165 et
2864 4092 3066 4166 fune-

179 4212 342 4286 ralia
395 4212 753 4306 decentia,
809 4211 874 4285 si
912 4234 1097 4309 quae
1152 4221 1360 4287 erunt
1414 4213 1850 4306 necessaria,
1905 4213 2107 4287 iuxta
2162 4213 2541 4288 consilium
2596 4213 3066 4289 Dominorum

181 4335 395 4428 toties,
461 4335 748 4433 quoties
793 4333 1138 4432 expedire
1190 4333 1553 4410 videbitur
1605 4343 2113 4434 comparentur
2176 4336 2697 4410 Procuratores
2752 4358 2881 4410 seu
2933 4336 3066 4410 Di·

182 4465 634 4554 spensatores
686 4456 1150 4555 pecuniarum
1203 4455 1648 4549 huiusmodi,
1702 4457 1778 4532 in
1833 4455 2195 4554 exigendo
2251 4458 2495 4532 debita
2546 4481 2679 4556 pro
2733 4458 3067 4532 anniver-

183 4581 356 4654 sario
407 4577 826 4655 huiusmodi
877 4579 1323 4672 resultantia,
1379 4587 1453 4654 et
1497 4581 1572 4653 in
1611 4578 2037 4677 exponendo
2090 4581 2361 4655 faciant
2412 4603 2705 4677 operam
2760 4579 3067 4676 diligen-

181 4706 327 4796 tem,
382 4703 478 4778 de
524 4701 790 4799 quibus
843 4708 1007 4777 octo
1045 4700 1202 4777 dies
1256 4710 1422 4776 ante
1474 4702 1819 4796 generale
1874 4701 2289 4801 Capitulum
2343 4703 2726 4779 Fratribus
2779 4701 2872 4778 ad
2927 4702 3067 4777 hoc
3130 4735 3133 4740 ·

183 4819 598 4922 deputandis
652 4823 970 4898 debitam
1023 4824 1296 4899 faciant
1346 4824 1721 4900 rationem.
