4055 6364
2115 809 2219 823 ....
2330 765 2427 842 90
2535 809 2636 821 ,-

2269 974 2492 1075 CIX.

930 1166 1025 1249 ut
1075 1164 1482 1248 fideiussor
1539 1183 1673 1266 pro
1729 1166 1914 1247 taxa
1968 1164 2076 1247 sit
2129 1164 2502 1248 residens.
2577 1163 2783 1247 Anno
2842 1163 3112 1244 Domini
3180 1162 3553 1246 millesimo
3615 1162 3844 1248 uuin-

1317 1287 1733 1387 flentesimo
1788 1285 2277 1388 sexagesimo
2335 1288 2628 1389 quarto.
2687 1285 2816 1367 nie
2869 1284 2977 1366 4¹·
3034 1285 3437 1367 Februarii.

1135 1482 1251 1555 De
1306 1477 1587 1554 Statuto
1644 1480 1991 1555 severiori
2049 1489 2299 1555 contra
2353 1504 2491 1553 non
2550 1480 2917 1555 solventes
2971 1487 3182 1553 taxas
3237 1472 3602 1555 domorum
3665 1503 3844 1554 con-

927 1602 1186 1697 dendo,
1244 1610 1369 1677 aut
1420 1603 1634 1677 etiam
1691 1610 1769 1677 ut
1822 1603 2123 1698 quilibet
2175 1602 2648 1677 Dominorum
2703 1600 2990 1675 domum
3045 1602 3425 1698 recipiens,
3481 1602 3556 1676 in
3607 1602 3844 1676 conti-

926 1727 1123 1823 nenti
1162 1726 1523 1823 praesenti
1563 1725 2052 1822 pecuniariam
2097 1732 2338 1799 taxam
2377 1725 2754 1799 exsolvere
2795 1731 3142 1815 teneatur,
3193 1723 3645 1798 Revereudis
3685 1726 3845 1797 Do-

934 1847 1149 1921 minis
1203 1846 1617 1944 pluralitate
1672 1847 2176 1939 suffragiorum
2231 1846 2308 1919 id
2363 1846 2958 1922 concludentibus
3011 1846 3243 1921 visum
3281 1869 3422 1920 non
3461 1828 3594 1921 fuit
3633 1846 3847 1942 quid-

931 1992 1145 2066 quam
1197 1969 1581 2060 innovare,
1658 1969 1827 2064 quin
1883 1968 2125 2066 potius
2180 1974 2496 2043 veterum
2572 1968 3010 2044 Statutorum
3085 1970 3576 2043 executionem
3649 1968 3848 2043 desi-

933 2092 1202 2183 derari,
1262 2114 1473 2187 quam
1528 2098 1606 2164 ut
1659 2090 1954 2164 Domini
2008 2089 2564 2183 Procuratores,
2622 2092 2906 2187 quoties
2959 2114 3138 2167 usus
3197 2091 3531 2188 postulat,
3587 2116 3634 2165 a
3691 2093 3849 2165 suis

930 2211 1382 2288 Reverendis
1436 2212 1771 2285 Dominis
1824 2212 2140 2306 exigant,
2207 2213 2315 2286 eis
2370 2214 2868 2304 iniunxerunt,
2925 2212 3100 2287 illud
3159 2222 3398 2287 tamen
3454 2214 3846 2311 providen-

935 2334 1102 2411 dum
1156 2343 1229 2408 et
1282 2334 1734 2409 statuendum
1807 2334 2318 2408 decreverunt:
2374 2341 2452 2407 ut
2505 2333 2973 2409 fideiussores
3028 2358 3158 2432 pro
3213 2336 3404 2409 taxis
3468 2335 3846 2408 domorum

932 2479 1078 2532 non
1130 2456 1441 2531 debeant
1492 2456 1837 2553 deinceps
1891 2456 2190 2548 admitti,
2255 2456 2399 2529 nisi
2454 2457 2576 2552 qui
2627 2456 2748 2530 hic
2804 2458 3137 2532 continue
3193 2467 3360 2533 sunt
3410 2458 3842 2549 residenteS,

936 2579 1201 2676 quique
1253 2601 1397 2652 non
1455 2579 1599 2654 sint
1648 2578 2042 2676 Episcopi,
2118 2580 2262 2653 sint
2316 2586 2550 2653 autem
2609 2603 2922 2677 capaces
2977 2578 3552 2656 distributionum
3608 2580 3843 2675 quoti-

937 2700 1352 2795 dianarum3
1410 2701 1613 2776 cuius
1652 2702 1759 2774 rei
1795 2700 2325 2775 animadversio
2363 2708 2508 2774 tam
2545 2701 2690 2797 ipsi
2726 2703 3042 2776 Domino
3095 2701 3572 2793 Praesidenti,
3629 2725 3842 2797 quam

934 2823 1271 2898 Dominis
1323 2821 1922 2898 Procuratoribus
1976 2821 2170 2899 serio
2224 2830 2336 2897 est
2390 2825 2774 2898 commissa
2828 2832 3045 2922 atque
3099 2824 3550 2899 demandata.

2300 3135 2479 3237 CX.

944 3344 1226 3429 contra
1263 3344 1739 3446 negligentes
1774 3345 2272 3446 septimanas.
2311 3344 2518 3427 Anno
2559 3345 2826 3429 Domini
2868 3347 3084 3429 1564.
3125 3346 3251 3429 nie
3292 3345 3400 3427 4¹·
3442 3345 3839 3428 Februarii.

1150 3538 1600 3614 Permolesto
1674 3546 1889 3636 atque
1942 3538 2189 3635 iniquo
2244 3538 2483 3614 animo
2553 3541 2870 3616 ferentes
2940 3540 3354 3617 Reverendi
3424 3541 3719 3615 Domini
3769 3540 3842 3614 in

943 3658 1086 3735 hoc
1136 3662 1463 3756 generali
1516 3660 1854 3759 Capitulo
1923 3661 2370 3756 congregati,
2428 3663 2872 3758 quorundam
2927 3661 3385 3738 Confratrum
3439 3672 3840 3738 nostrorum

942 3783 1156 3858 huius
1208 3783 1591 3859 Ecclesiae
1645 3782 2171 3858 Canonicorum
2226 3807 2524 3878 gravem
2563 3786 3077 3880 negligentiam
3117 3794 3189 3860 et
3222 3786 3840 3876 inmutabilitatem,

948 3907 1069 4001 qui
1104 3906 1310 3981 aulas
1366 3906 1775 4004 Principum
1814 3913 2220 4002 sequenteS,
2279 3907 2472 3981 curis
2522 3909 3018 4004 temporalium
3075 3908 3256 3982 adeo
3296 3908 3613 3982 immersi
3661 3913 3840 3997 snut,

946 4035 1025 4100 ut
1074 4029 1477 4102 vocationis
1550 4053 1725 4103 suae
1779 4037 1853 4102 et
1901 4051 2272 4101 munerum
2345 4026 2888 4103 Canoniealium
2964 4029 3166 4104 obliti
3239 4028 3451 4125 plane
3523 4053 3689 4104 esse
3739 4028 3842 4101 vi-

949 4147 1268 4239 deantur,
1341 4151 1584 4247 itaque
1638 4147 2094 4248 Septimanas
2167 4173 2338 4225 suas
2391 4151 2465 4226 in
2521 4150 2912 4226 Missarum
2987 4149 3380 4225 Sacrificiis
3449 4152 3545 4226 ad
3619 4151 3844 4225 maius

949 4271 1177 4346 altare
1231 4271 1739 4367 decantandis,
1816 4273 2098 4368 quoties
2170 4273 2346 4348 ordo
2403 4282 2473 4347 et
2526 4274 2726 4347 vices
2799 4274 3200 4370 postulant,
3273 4295 3506 4368 neque
3560 4297 3692 4370 per
3743 4293 3840 4361 se,

950 4415 1184 4488 neque
1239 4418 1367 4489 per
1420 4395 1608 4470 alios
1663 4396 1864 4470 obire
1918 4403 2192 4487 curant,
2251 4419 2412 4471 cum
2467 4395 2815 4470 scandalo
2867 4396 3079 4489 gravi
3133 4404 3204 4470 et
3239 4395 3630 4469 animarum
3687 4417 3843 4468 sua-

950 4537 1107 4588 rum
1160 4518 1482 4614 periculo
1537 4539 1679 4591 non
1734 4517 2116 4612 mediocri;
2191 4517 2412 4592 Unde
2465 4518 2794 4592 volentes
2863 4518 3130 4592 talibus
3202 4517 3670 4612 negligentiis
3724 4515 3841 4590 ob·

952 4638 1183 4732 viare,
1239 4639 1674 4735 Fratresque
1727 4640 1931 4736 ipsos
1986 4662 2159 4714 suos
2213 4639 2305 4712 ad
2361 4639 2676 4714 officium
2730 4638 3045 4714 debitum
3104 4639 3490 4732 reducere,
3546 4658 3843 4735 poenam

956 4760 1343 4834 severioris
1380 4758 1663 4855 Statuti,
1711 4769 2034 4857 tempore
2072 4760 2350 4835 scilicet
2401 4761 3018 4836 Reverendissimi
3074 4763 3244 4836 olim
3281 4761 3576 4835 Domini
3629 4757 3845 4833 Gam-

955 4883 1092 4956 rati
1146 4880 1343 4976 editi,
1402 4890 1651 4958 contra
1706 4883 1891 4957 tales
1945 4883 2300 4956 Dominos
2356 4883 2879 4958 extendendam
2935 4908 3098 4959 esse
3137 4884 3546 4982 pluralitate
3601 4883 3843 4958 suffra-

954 5004 1235 5099 giorum
1292 5004 1784 5099 decreverunt,
1841 5011 2057 5102 atque
2109 5005 2250 5078 iam
2308 5029 2588 5079 exnunc
2642 5007 3039 5081 monendos
3092 5007 3278 5080 tales
3312 5006 3387 5079 in
3425 5005 3661 5079 valvis
3711 5003 3844 5078 Ec-

958 5127 1227 5202 clesiae
1279 5150 1411 5225 pro
1465 5127 1818 5203 eiusmodi
1880 5127 2130 5202 decem
2201 5127 2610 5201 Marcarum
2665 5129 2960 5225 poenis,
3034 5151 3167 5225 per
3217 5128 3610 5225 quemlibet
3657 5126 3845 5224 ipso-

960 5273 1116 5324 rum
1172 5272 1303 5347 pro
1357 5250 1622 5325 talibus
1676 5250 2144 5344 negligentiis
2196 5250 2508 5325 incursis
2532 5307 2549 5340 ,
2611 5274 2774 5326 esse
2837 5251 3236 5326 voluerunt.
3317 5249 3405 5324 Id
3439 5248 3650 5346 quod
3703 5249 3842 5320 Do-

959 5372 1176 5448 minis
1229 5372 1381 5448 suis
1434 5372 2034 5448 Procuratoribus
2101 5374 2387 5448 omnino
2460 5373 2845 5469 diligenter
2915 5373 3304 5447 curandum
3374 5372 3843 5460 iniunxerunt,
