4055 6364
2121 780 2222 803 .-
2329 734 2633 824 33·-

2259 1024 2477 1125 CVI.

922 1184 1025 1315 ne
1064 1186 1755 1317 anniversariorum
1796 1210 2276 1336 portionibus.
2334 1233 2541 1316 Anno
2581 1233 2849 1315 Domini
2892 1232 3102 1316 1563.
3163 1232 3289 1315 Die
3329 1232 3380 1314 5
3421 1231 3822 1316 Februarii.

1082 1443 1233 1519 -Ut
1287 1432 1639 1520 Statutum
1696 1442 1786 1518 de
1842 1444 2076 1519 Missa
2129 1442 2624 1519 Anniversarii
2675 1446 2750 1518 in
2806 1446 3224 1520 executione
3290 1444 3640 1519 habeatur
3695 1467 3824 1541 per

918 1566 1176 1660 omnia,
1234 1566 1641 1642 Reverendi
1692 1568 1987 1641 Domini
2045 1565 2558 1641 decreverunt:
2616 1566 2754 1641 hoc
2791 1576 2924 1659 est,
2979 1575 3058 1640 ut
3111 1567 3514 1663 quicunque
3573 1566 3821 1639 Domi-

918 1711 1169 1763 norum
1221 1690 1507 1785 integra
1561 1691 1779 1764 totius
1833 1688 2334 1763 Anniversarii
2390 1690 2715 1785 portione
2782 1688 3102 1783 gaudere
3157 1690 3550 1781 voluerint,
3603 1688 3682 1761 in
3737 1710 3822 1760 ea

917 1810 1269 1885 interesse
1324 1820 1720 1887 teneantur.
1813 1812 2155 1907 Alioquin
2214 1810 2395 1884 nihil
2459 1812 2865 1909 percepturi
2919 1810 3008 1885 de
3063 1810 3413 1885 eiusmodi
3463 1808 3819 1883 Anniver-

898 1924 1141 2027 sario,
1201 1957 1413 2030 quum
1467 1936 1541 2007 in
1600 1934 1895 2030 Vigiliis
1950 1936 2040 2008 de
2096 1957 2260 2007 sero
2315 1934 2807 2024 interfuerint,
2865 1956 3086 2007 causa
3140 1942 3374 2006 tamen
3432 1930 3818 2026 aegritudi-

916 2056 1031 2129 nis
1112 2063 1185 2131 et
1236 2057 1528 2150 negotio
1600 2055 1978 2131 Ecclesiae
2054 2078 2341 2153 semper
2413 2065 2754 2154 excepto,
2831 2078 2916 2129 eo
2988 2054 3448 2129 nihilominus
3515 2053 3820 2145 adiecto,

919 2174 1109 2272 quod
1162 2179 1237 2251 in
1288 2178 1499 2271 gravi
1570 2178 2001 2252 necessitate
2074 2179 2380 2255 alicuius
2456 2178 2966 2267 Dominorum‚
3039 2176 3114 2250 id
3193 2175 3382 2272 quod
3453 2175 3822 2249 rarissime

917 2298 1335 2394 contingere
1408 2299 1660 2395 debet,
1734 2300 2029 2373 Domini
2101 2299 2622 2376 Procuratores
2695 2305 2818 2373 aut
2870 2321 3115 2373 eorum
3187 2300 3391 2393 alter,
3425 2298 3820 2372 ,licentiam

916 2422 1291 2496 absentiae
1346 2446 1389 2495 a
1444 2422 1572 2495 tali
1626 2422 1859 2496 Missa
1914 2422 2312 2497 concedere
2370 2422 2654 2519 poterit.

2241 2734 2503 2835 CVII.

917 2941 1201 3026 contra
1240 2942 1662 3044 proditores
1712 2944 2189 3027 secretorum
2239 2941 2647 3026 statutum.
2703 2942 2830 3023 nie
2869 2942 3147 3043 quarta
3184 2940 3564 3023 Februarii
3602 2942 3816 3025 1564.

1124 3153 1303 3231 Cum
1380 3157 1793 3252 frequenter
1863 3156 1939 3229 in
2011 3154 2403 3230 universali
2475 3151 2808 3249 Colle-gio
2872 3152 3011 3228 hoc
3084 3154 3610 3250 quaestionem·
3647 3154 3820 3230 oriri

916 3279 1364 3374 contingeret
1435 3302 1655 3376 super
1726 3277 2212 3354 declaratione
2283 3274 2545 3352 Statuti
2600 3285 2852 3352 contra
2906 3277 3312 3374 proditores
3383 3285 3818 3353 secretorum

914 3410 989 3477 et
1023 3386 1447 3477 tractatuum
1503 3401 2002 3499 capitularium
2059 3400 2252 3490 editi,
2312 3399 2504 3498 quod
2539 3399 2833 3498 incipit:
2903 3396 3315 3492 „Quoniam
3355 3411 3820 3499 wansqressor

916 3522 1457 3616 consuetudinis,
1516 3536 1585 3597 et
1636 3535 2104 3622 transgressor
2157 3521 2341 3622 leyis,
2399 3513 2466 3596 et
2501 3520 2842 3620 proditor
2900 3533 3336 3613 secretorum,
3389 3533 3472 3596 ut
3520 3521 3818 3597 Patriae

907 3644 1240 3744 proditor
1293 3657 1393 3721 est
1434 3643 1918 3743 puniendus“,
1977 3654 2209 3721 utrum
2255 3645 2471 3720 iidem
2530 3645 2936 3744 proditores
2992 3653 3430 3720 secretorum
3487 3646 3813 3720 refectio-

914 3770 1126 3843 nibus
1182 3767 1657 3865 quotidianis,
1734 3768 2320 3862 praestimoniis,
2395 3769 2753 3842 Domibus
2809 3776 2878 3841 et
2931 3767 3096 3841 aliis
3151 3767 3530 3841 Ecclesiae
3585 3767 3812 3842 Benc-

913 3890 1099 3965 ficiis
1168 3891 1490 3986 gaudere
1545 3915 1632 3964 ac
1684 3891 1760 3964 in
1815 3889 2154 3988 Capitulo
2225 3889 2462 3964 locum
2535 3890 2803 3963 habere
2877 3888 3239 3964 debeant?
3327 3887 3466 3964 Cui
3529 3889 3814 3986 quidem

916 4013 1419 4110 disceptationi
1474 4020 1546 4085 et
1589 4012 2050 4086 haesitationi
2107 4034 2492 4100 occurrere
2537 4012 2865 4086 volentes
2902 4012 2974 4085 in
3019 4012 3351 4105 futurum,
3409 4011 3817 4086 Reverendi

914 4136 1210 4210 Domini
1261 4135 1333 4208 in
1390 4133 1530 4208 hoc
1580 4133 1908 4228 generali
1978 4133 2315 4231 Capitulo
2389 4134 2852 4228 congregati,
2931 4133 3242 4230 idipsum
3316 4135 3524 4207 etiam
3581 4133 3814 4208 Reve-

920 4249 1348 4332 rendissimo
1424 4259 1733 4331 Domino
1807 4267 2054 4331 nostro
2126 4262 2427 4350 urgente
2483 4245 3079 4349 et'sollicitante,
3159 4253 3250 4327 ad
3303 4278 3474 4331 eum
3529 4255 3815 4330 modum

916 4401 1201 4453 sensum
1273 4379 1504 4476 ipsius
1576 4377 1834 4453 Statuti
1899 4378 2211 4472 intelligi
2289 4377 2554 4451 debere
2629 4377 2960 4452 dixerunt
3033 4385 3105 4451 et
3157 4379 3258 4452 ita
3313 4378 3813 4453 declararunt:

916 4499 1131 4589 Quod
1185 4501 1521 4575 videlicet
1576 4503 1879 4596 quilibet
1933 4500 2446 4593 Dominorum,
2506 4498 2626 4595 qui
2683 4501 2968 4574 nomine
3025 4500 3290 4596 proditi
3342 4500 3646 4575 alicuius
3703 4479 3812 4573 se-

916 4623 1095 4696 creti
1148 4631 1219 4696 et
1271 4646 1515 4698 eorum
1572 4632 2019 4715 tractatuum,
2082 4646 2266 4719 quac
2329 4620 2760 4696 Praesidens
2799 4646 2930 4719 pro
2968 4623 3268 4697 secretis
3307 4622 3612 4697 tenenda
3653 4646 3815 4697 esse

916 4745 1110 4818 circa
1164 4745 1699 4819 conclusionem
1736 4745 2206 4839 admonuerit,
2274 4754 2561 4819 notatus
2613 4747 3228 4843 repertus-fuerit,
3284 4746 3620 4840 ingressu
3676 4743 3832 4820 (ζει,-ἱ

916 4866 1125 4963 pituli
1177 4867 1251 4941 in
1304 4867 1603 4940 notoriis
1659 4890 1824 4940 mox
1878 4867 2556 4964 prohiberidebet,
2633 4867 2843 4941 simul
2897 4874 2969 4941 et
3021 4867 3530 4943 refectionibus
3583 4867 3814 4963 quoti-

918 4989 1189 5081 dianis,
1249 4987 1826 5083 Anniversariis,
1896 4991 2169 5082 Domo,
2245 4989 2444 5064 Villa
2500 4999 2570 5064 et
2623 4991 2788 5064 aliis
2844 4990 3223 5064 Ecclesiae
3295 4990 3812 5083 emolumentis,

918 5111 1103 5186 ultra
1174 5110 1359 5186 alias
1431 5133 1704 5209 poenas
1778 5119 2025 5186 contra
2096 5112 2282 5186 tales
2338 5111 2429 5186 de
2481 5113 2634 5187 iure
2691 5113 2961 5207 editas,
3028 5112 3321 5210 privari.
3417 5111 3814 5185 Deficiente

917 5257 1089 5308 vero
1145 5235 1425 5309 notoria
1498 5235 1942 5331 probatione,
1998 5238 2104 5326 is,
2180 5259 2386 5331 quem
2464 5217 2753 5331 publica
2825 5237 3015 5309 fama
3071 5245 3140 5310 et
3195 5235 3816 5333 praesumptiones

916 5365 1283 5453 accusant,
1340 5358 1791 5450 mettcrtius„
1820 5356 1959 5432 hoc
2012 5365 2126 5432 est
2161 5382 2320 5433 cum
2376 5358 2657 5432 duobus
2711 5356 3213 5433 Confratribus
3267 5357 3588 5432 eiusdem
3643 5357 3811 5433 Col·
