4055 6364
1359 790 1866 868 *35-

1453 1034 1773 1132 XLVI.

768 1261 870 1341 De
923 1278 1068 1343 non
1123 1259 1580 1342 arendandis
1637 1261 1862 1343 Bonis
1917 1261 2479 1363 capitularibus.

371 1487 732 1578 Quoniam
784 1488 994 1563 novis
1048 1487 1320 1563 morbis
1374 1512 1565 1564 nova
1617 1513 2057 1588 praeparare
2110 1491 2432 1567 antidota
2479 1491 2575 1566 sit
2610 1498 3058 1588 oportunum,

141 1620 224 1684 et
282 1634 380 1685 ex
434 1611 844 1707 praeteritis
895 1610 1156 1685 iaculis
1209 1611 1521 1701 nocivis,
1597 1613 1810 1687 nobis
1874 1620 1946 1686 et
1996 1612 2383 1688 Ecclesiae
2454 1620 2745 1688 nostrae
2812 1614 3061 1703 illatis,

141 1757 468 1808 necesse
521 1741 633 1807 est
687 1733 1074 1808 salubriter
1143 1735 1592 1808 nocumentis
1662 1758 2102 1833 praecavere
2176 1734 2269 1810 de
2339 1736 2621 1811 futuris.
2714 1735 3063 1811 Nonnulli

139 1856 348 1930 enim
401 1855 704 1930 Fratres
757 1855 1016 1944 nostri,
1076 1854 1466 1950 dignitates
1521 1879 1654 1930 seu
1707 1866 2159 1955 personatus,
2234 1859 2353 1932 vel
2408 1859 2643 1933 solum
2697 1858 3061 1934 Praeben-

139 1977 292 2052 das
361 1978 434 2050 in
492 1979 655 2075 ipsa
724 1976 1066 2052 Ecclesia
1139 1977 1613 2054 Cracoviensi
1681 1979 2036 2054 habentes
2105 1981 2180 2053 in
2233 1980 2461 2055 Bonis
2533 1979 3061 2072 haereditariis,

139 2124 288 2198 pro
365 2100 601 2175 Nobis
675 2110 748 2174 et
799 2098 1138 2198 Capitulo
1213 2105 1460 2174 nostro
1535 2101 1882 2176 derivatis
1937 2113 2010 2174 et
2062 2127 2108 2176 a
2161 2103 2543 2177 retroactis
2614 2103 3063 2200 temporibus

139 2222 464 2320 pacifice
517 2223 925 2321 possessis,
984 2224 1464 2297 conditionem
1519 2222 1735 2297 vilem
1791 2231 1863 2296 et
1916 2231 2194 2321 turpem
2250 2224 2837 2320 praetendentes,
2902 2232 3059 2298 tan-

141 2369 372 2442 quam
430 2347 765 2443 propriae
819 2347 1276 2420 immemores
1347 2346 1643 2439 salutis,
1717 2347 2113 2422 existentes
2183 2347 2705 2422 Procuratores
2774 2355 2849 2422 et
2916 2371 3061 2423 non

139 2468 456 2544 Domini
510 2469 858 2543 bonorum
912 2467 1432 2542 haereditatum
1491 2475 1562 2541 et
1613 2469 2101 2561 Decimarum,
2158 2471 2251 2543 ab
2305 2468 2645 2543 Ecclesia
2700 2467 3059 2544 derivata-

137 2614 308 2664 rum
369 2598 444 2664 et
481 2591 664 2687 ipsis
719 2613 1250 2679 concessarum,
1309 2589 1717 2664 huiusmodi
1771 2592 1962 2664 bona
2015 2591 2499 2666 haereditaria
2552 2599 2625 2665 et
2676 2591 3061 2667 decimalis

142 2712 490 2806 obligare
526 2736 615 2785 ac
649 2712 991 2807 alienare,
1051 2713 1321 2787 eisdem
1361 2715 1763 2806 abutentes,
1819 2737 1960 2787 non
1999 2713 2409 2807 formidant,
2457 2736 2594 2787 nec
2627 2712 2815 2788 facie
2853 2716 3059 2788 effre-

141 2842 370 2910 natae
427 2833 840 2931 cupiditatis
893 2836 1264 2928 avaritiae,
1324 2843 1659 2908 verentur
1710 2835 2045 2924 filateria,
2104 2835 2475 2928 dilatatae,
2531 2836 2736 2909 lucra
2787 2835 2861 2908 in
2918 2836 3059 2910 eis·

146 2956 321 3030 dem
378 2956 592 3030 bonis
645 2955 1028 3030 Ecclesiae
1081 2965 1371 3031 nostrae
1425 2956 2018 3054 imcompatibilia
2084 2958 2457 3055 cupientes
2492 2964 2566 3030 et
2602 2965 3058 3053 quaerentes,

141 3080 328 3154 licet
379 3080 454 3152 in
510 3079 740 3176 ipsius
793 3079 1178 3154 Ecclesiae
1253 3081 1538 3177 penitus
1592 3088 1850 3173 vergat
1912 3078 2431 3153 detrimentum.
2529 3078 2845 3155 Proinde
2898 3079 3061 3154 Nos

143 3200 570 3299 Capitulum
625 3201 1008 3276 Ecclesiae
1065 3212 1354 3277 nostrae
1409 3201 1956 3294 Oracoviensis,
2035 3201 2441 3276 huiusmodi
2511 3203 2784 3277 morbis
2838 3202 3057 3301 pesti-

141 3326 332 3399 feris
406 3324 722 3399 unanimi
787 3324 1127 3399 Nostrum
1198 3325 1286 3399 de
1341 3348 1735 3415 consensu,
1817 3325 2015 3400 nullo
2090 3326 2275 3399 inter
2346 3324 2505 3400 Nos
2578 3324 3055 3424 discrepante,

143 3447 490 3521 celeriter
545 3446 840 3521 obviare
879 3447 1226 3545 volentes,
1285 3447 1736 3521 temerariam
1792 3447 2081 3522 omnino
2137 3448 2794 3544 praesumptionem
2831 3448 3055 3523 refre-

144 3577 438 3659 nantes,
496 3569 875 3643 statuimus
929 3592 1060 3665 pcr
1113 3568 1269 3643 Nos
1326 3576 1399 3643 et
1450 3576 1738 3643 nostros
1793 3565 2275 3643 Successores
2342 3570 2641 3644 firmiter
2694 3571 2831 3644 sub
2884 3592 3055 3667 poe-

145 3692 260 3765 nis
302 3690 818 3786 infrascriptis,
875 3691 1294 3765 iuramentis
1341 3712 1472 3786 per
1505 3690 1666 3765 Nos
1704 3691 2074 3787 praestitis
2130 3692 2585 3785 servandum,
2643 3691 2832 3787 quod
2881 3714 3054 3787 quo-

143 3814 575 3908 tiescunque
633 3821 704 3886 et
739 3812 1385 3909 quomodocunque
1439 3814 1513 3886 in
1564 3821 1776 3886 antea
1831 3814 2117 3909 aliquis,
2175 3814 2291 3886 vel
2348 3813 2572 3910 aliqui
2624 3813 3055 3887 Nostrorum

145 3936 600 4031 dignitatem,
656 3946 1143 4032 personatum,
1199 3936 1320 4009 vel
1358 3935 1587 4009 solum
1639 3935 2138 4009 Praebendam
2195 3935 2529 4009 obtinens
2565 3934 2880 4029 aliquam
2935 3934 3056 4008 vel

147 4060 476 4154 aliquas,
549 4058 1064 4132 haereditatem
1123 4058 1242 4131 vel
1295 4056 1819 4150 haereditates,
1893 4056 2140 4130 villam
2205 4057 2323 4130 vel
2376 4056 2631 4149 villas,
2704 4055 3055 4130 decimam

147 4182 267 4255 vel
326 4179 669 4267 decimas,
727 4179 1109 4272 allodium,
1167 4179 1579 4254 molendina
1633 4179 1752 4253 vel
1803 4180 2167 4269 tabernas,
2224 4178 2572 4270 mericas,
2627 4179 2883 4253 rubeta
2934 4179 3055 4252 vel

148 4302 422 4395 silvas,
481 4310 553 4375 et
605 4302 749 4376 alia
800 4303 993 4376 bona
1043 4301 1438 4375 immobilia
1492 4311 1780 4375 nostrae
1834 4300 2215 4375 Ecclesiae
2288 4324 2712 4397 quocunque
2766 4300 3051 4374 nemine

148 4432 602 4517 censeantur,
662 4449 706 4497 a
757 4423 991 4497 Nobis
1045 4423 1164 4497 vel
1217 4447 1261 4496 a
1315 4430 1561 4497 nostra
1615 4421 1978 4513 Ecclesia,
2036 4446 2166 4519 per
2218 4423 2505 4497 modum
2560 4422 3051 4519 provisionum

149 4556 219 4621 et
271 4546 594 4644 optionis
647 4546 766 4618 vel
819 4545 1128 4619 arendae
1183 4546 1590 4620 obtinentes
1644 4554 1716 4619 ct
1769 4545 2257 4643 possidentes,
2334 4544 2731 4639 cuicunque
2786 4542 3048 4617 Perso-

149 4692 284 4744 nae
344 4668 888 4742 ecclesiasticae
943 4667 1060 4740 vel
1107 4667 1484 4755 saeculari,
1541 4668 1613 4740 in
1672 4666 1912 4762 aliqua
1967 4666 2315 4763 pecuniae
2371 4665 2786 4761 quantitate,
2842 4664 3049 4739 mini—

152 4816 266 4865 ma
342 4790 464 4864 vel
530 4790 842 4864 maxima
918 4790 1285 4885 obligare,
1357 4788 1778 4881 infeudare,
1853 4790 2225 4863 invadiare
2296 4788 2415 4862 vel
2484 4788 2836 4862 arendare
2905 4810 3049 4862 non

151 4920 635 5009 praesumant.
694 4909 906 5001 Quod
962 4912 1024 4985 si
1082 4912 1437 5009 quispiam
1493 4934 1580 4985 ex
1639 4912 1873 4985 Nobis
1929 4919 2000 4985 et
2052 4910 2431 4985 Fratribus
2484 4910 2754 4985 nostris
2806 4908 3051 5006 aliqua

151 5037 379 5129 bona,
455 5034 572 5109 vel
627 5058 718 5109 ex
771 5036 1162 5132 praedictis
1213 5016 1818 5127 haereditatibus,
1875 5035 1994 5107 vel
2050 5034 2383 5125 decimis,
2438 5033 2561 5110 vel
2613 5032 2778 5107 aliis
2834 5032 3047 5107 bonis

153 5158 595 5253 praemissis,
653 5156 870 5230 alicui
907 5179 1261 5253 personae
1316 5156 1436 5229 vel
1482 5156 1814 5253 personis
1878 5156 2363 5249 obligaverint
2416 5154 2534 5229 vel
2589 5154 3043 5249 obligaverit,

149 5279 631 5355 infeudaverit
683 5302 811 5354 seu
865 5279 1290 5352 alienaverit
1345 5278 1893 5352 contraveniens
1965 5277 2375 5351 huiusmodi
2428 5284 2674 5351 nostro
2731 5270 3045 5350 Decreto

153 5412 220 5477 et
270 5401 599 5499 Statut0,
665 5425 752 5477 eo
806 5403 967 5499 ipso
1019 5403 1212 5476 facto
1286 5399 1500 5475 cadat
1551 5408 1623 5475 et
1676 5399 1939 5473 cadant
1991 5401 2086 5474 ab
2138 5398 2547 5474 huiusmodi
2619 5397 3045 5473 Provisione
