4055 6364
2037 728 2607 806 -118-

878 937 1313 1019 Civitatibus
1367 948 1749 1032 morantur,
1809 964 2150 1017 exercere
2203 941 2459 1034 solent,
2515 964 2652 1016 nec
2707 939 2853 1017 ne?
2931 940 3140 1031 Quae
3191 941 3479 1037 quidem
3535 942 3784 1015 omnia

868 1062 1065 1137 circa
1116 1062 1599 1159 receptionem
1656 1061 2152 1139 Praelatorum
2207 1071 2280 1137 et
2331 1060 2859 1139 Canonieorum
2921 1060 3134 1139 huius
3187 1062 3609 1155 Ecclesiae,
3667 1062 3780 1137 uti

868 1184 1156 1277 legibus
1202 1192 1274 1259 et
1308 1183 1653 1259 institutis
1705 1183 1949 1279 Regni
2002 1192 2510 1274 consentanea,
2565 1185 2979 1263 Reverendi
3031 1183 3329 1263 Domini
3381 1208 3462 1259 se
3513 1184 3586 1258 in
3644 1208 3779 1281 po-

866 1315 1133 1383 sterum
1173 1306 1265 1381 ad
1302 1306 1645 1381 amussim
1684 1308 2202 1383 observaturos
2255 1308 2508 1402 vigore
2561 1308 2771 1383 istius
2821 1307 3190 1403 generalis
3244 1304 3560 1404 Capituli
3607 1330 3778 1381 san-

866 1428 1211 1507 civerunt.

2076 1615 2575 1719 CXXXIV.

869 1824 1243 1927 Reliquiae
1299 1825 1744 1909 Sanctorum
1785 1843 1922 1907 non
1962 1825 2220 1925 cuivis,
2279 1827 2364 1907 et
2408 1825 2765 1929 quomodo
2821 1825 3302 1909 exhibendae.
3366 1827 3776 1911 Decretum

1560 1947 1769 2031 Anno
1828 1948 2044 2033 1580.
2103 1948 2233 2033 Die
2289 1949 2534 2032 Lunae
2591 1950 2645 2033 3
2701 1949 3072 2039 Octobris,

1076 2157 1459 2254 Reliquiae
1532 2155 1952 2233 Sanctorum
2019 2167 2164 2233 tam
2237 2167 2309 2233 et
2359 2160 2504 2233 alia
2557 2160 2874 2255 insignia
2945 2160 3276 2235 clenodia
3342 2168 3414 2235 et
3464 2184 3777 2259 appara-

868 2289 983 2356 tus
1035 2281 1247 2359 huius
1299 2281 1682 2355 Ecclesiae
1734 2282 2046 2375 insignis
2098 2281 2556 2359 Cathedralis
2609 2281 3144 2377 Craccviensis,
3202 2289 3280 2358 ut
3313 2305 3456 2357 non
3514 2283 3773 2374 cuivis,

868 2388 1461 2498 quemadmodum
1516 2428 1647 2500 per
1702 2402 2228 2479 Vicecustodes
2281 2404 2438 2479 fieri
2493 2406 2784 2502 saepius
2838 2404 3243 2497 consuevit,
3299 2404 3780 2481 exhibeantur

868 2531 941 2599 et
968 2533 1630 2617 commonstrentur,
1659 2524 2075 2602 Reverendi
2101 2527 2394 2601 Domini
2432 2525 2862 2624 Capitulum,
2903 2527 3182 2601 vocatis
3209 2527 3298 2601 ad
3330 2550 3532 2603 suam
3562 2551 3774 2625 prae·

868 2648 1171 2721 sentiam
1242 2646 1802 2725 Venerabilibus
1880 2648 2162 2723 Adamo
2214 2672 2259 2722 a
2313 2648 2718 2723 Czarnocin
2775 2658 2845 2724 et
2898 2648 3283 2725 Vincentio
3336 2673 3381 2722 a
3434 2648 3778 2725 Pleszow

865 2768 1473 2845 Vicecustodibus
1525 2768 1928 2864 modernis,
2004 2769 2278 2845 eisdem
2335 2772 2525 2845 serio
2580 2771 3098 2846 mandaverunt
3149 2779 3222 2846 et
3270 2771 3774 2847 inhibuerunt:

871 2897 949 2965 ut
984 2913 1217 2987 neque
1275 2891 1431 2967 sine
1486 2890 1789 2965 scientia
1840 2891 2146 2968 alicuius
2197 2892 2516 2968 Praelati
2571 2917 2700 2969 seu
2753 2892 3256 2970 Procurator-is
3307 2891 3777 2969 Venerabilis

867 3009 1213 3109 Capituli,
1268 3011 1344 3088 id
1396 3011 1469 3089 in
1525 3018 1889 3110 posterum
1943 3014 2187 3089 faeere
2241 3022 2738 3111 praesumant,
2797 3022 2869 3089 et
2922 3014 3205 3111 quoties
3256 3014 3332 3088 id
3388 3015 3780 3110 contigerit

865 3132 958 3207 ad
995 3133 1407 3232 petitionem
1446 3134 1751 3211 alicuius
1794 3157 2150 3235 personae
2203 3137 2648 3234 insignioris,
2704 3146 3086 3237 praesente
3133 3137 3376 3234 aliquo
3429 3136 3776 3214 Praelato

866 3279 995 3334 seu
1049 3254 1419 3332 Canonieo
1469 3264 1593 3333 aut
1630 3257 2104 3336 Procuratore
2155 3261 2482 3356 generali
2536 3260 2877 3358 Capituli,
2935 3284 3092 3337 cum
3141 3260 3384 3336 debita
3433 3283 3775 3336 reveren-

864 3378 987 3472 tia,
1042 3402 1494 3477 accensoque
1548 3403 1781 3475 cereo,
1835 3380 2086 3458 induto
2141 3382 2636 3480 superpillicio
2691 3392 2764 3460 et
2801 3383 3107 3482 pluviali
3163 3405 3294 3460 seu
3348 3406 3584 3480 cappa
3635 3383 3776 3458 im-

864 3500 1123 3598 posita,
1176 3499 1252 3578 id
1306 3502 1597 3582 faciant.

2082 3693 2535 3795 CXXXV.

866 3898 1342 3983 conditiones
1415 3918 1607 3984 anno
1681 3901 2007 4003 quolibet
2079 3901 2176 3985 ad
2249 3904 2541 3987 triennii
2615 3903 3012 3988 decursum
3084 3905 3604 4007 assignandae
3681 3907 3774 3988 et

1144 4019 1575 4123 expiendas.
1634 4022 1841 4104 Anno
1900 4024 2117 4106 1580.
2176 4024 2305 4107 Die
2362 4026 2607 4109 Lunae
2662 4027 2716 4108 3
2772 4027 3057 4113 Mensis
3113 4028 3482 4112 octobris.

1072 4231 1752 4308 Animadvertentes
1821 4233 2232 4310 Reverendi
2290 4237 2580 4313 Domini
2635 4237 3046 4335 Capitulum
3117 4239 3412 4338 saepius
3464 4239 3535 4315 id
3593 4263 3766 4317 eve·

866 4352 1019 4426 nire
1073 4375 1315 4450 posse,
1368 4362 1580 4451 prout
1616 4362 1688 4429 et
1724 4378 1952 4453 nuper
2005 4365 2171 4454 post
2207 4367 2502 4434 mortem
2557 4359 2730 4435 olim
2780 4359 3191 4438 Reverendi
3241 4361 3552 4440 Joannis
3603 4362 3765 4436 Ko-

864 4473 1119 4550 narski
1170 4474 1411 4551 Villae
1448 4477 2060 4574 praestimonialis
2114 4479 2502 4556 Biezanow
2556 4481 2906 4577 Regentis
2943 4484 3202 4579 evenit,
3260 4485 3453 4583 quod
3499 4485 3767 4580 aliquis

865 4595 1335 4676 Dominorum
1372 4621 1516 4674 non
1552 4599 1862 4697 expletis
1910 4609 2052 4676 tam
2089 4603 2163 4676 in
2202 4602 2402 4678 Villa
2457 4605 3040 4702 praestimoniali,
3099 4630 3310 4702 quam
3358 4608 3571 4682 etiam
3605 4607 3764 4680 Do-

867 4739 985 4794 mo
1039 4720 1465 4815 canonicali,
1522 4721 2050 4800 conditionibus
2091 4725 2197 4798 eis
2232 4725 2610 4823 impositis,
2669 4749 2774 4800 ex.
2807 4727 2948 4804 hac
2984 4729 3133 4803 vita
3186 4727 3490 4819 decedit,
3546 4736 3766 4824 atque

864 4839 965 4917 ita
1018 4839 1289 4918 Villam
1344 4843 1996 4940 praestimonialem
2053 4855 2126 4920 et
2169 4847 2479 4922 Domum
2534 4849 2608 4921 in
2662 4849 3030 4945 peioribus
3068 4849 3594 4927 conditionibus
3644 4874 3762 4926 re-

864 4961 1095 5060 liquit,
1152 4987 1387 5061 poena
1440 4973 1673 5042 autem
1728 4966 1927 5042 nulla
1969 4968 2044 5043 in
2083 4967 2438 5044 eiusmodi
2490 4971 2876 5046 constituta
2929 4980 3062 5066 est,
3117 4996 3354 5069 neque
3407 4980 3644 5070 potest
3681 4973 3764 5049 in

863 5094 1213 5164 mortuum
1286 5089 1649 5182 constitui3
1720 5090 1816 5163 ad
1886 5090 2318 5166 obviandum
2371 5093 2445 5168 in
2497 5101 2864 5191 posterum
2933 5095 3200 5172 talibus
3255 5094 3759 5174 exorbitantiis

867 5207 1338 5287 decreverunt
1406 5210 1861 5288 unanimibus
1932 5214 2122 5288 votis
2175 5223 2247 5288 et
2299 5216 2704 5292 sententiis:
2774 5223 2852 5291 ut
2907 5217 3051 5292 iam
3124 5242 3406 5296 exnunc
3475 5217 3764 5314 quoties

866 5331 1080 5405 alicui
1134 5331 1554 5408 Possessori
1608 5333 1808 5410 Villa.
1865 5336 2467 5432 praestimonialis
2519 5346 2644 5414 aut
2697 5339 2974 5416 Domus
3032 5341 3336 5433 dabitur,
3409 5338 3762 5418 conditio-
