4055 6364
2158 742 2713 816 -192—

973 955 1284 1050 gentiae‚
1341 953 1856 1028 refectionibus
1892 958 2215 1046 careant3
2272 951 2465 1048 quod
2502 951 2787 1048 quidem
2822 953 3133 1049 intelligi
3170 952 3409 1047 debet,
3466 961 3545 1028 ut
3596 955 3863 1032 etiamsi

969 1076 1062 1152 ad
1109 1075 1514 1156 Ecclesiam
1572 1075 2057 1152 cathedralem
2113 1074 2361 1150 redeat
2414 1083 2485 1150 et
2536 1076 2611 1149 in
2666 1097 2755 1150 ea
2804 1075 3143 1170 resideat,
3198 1075 3571 1151 refectioni
3580 1077 3717 1152 bus
3766 1086 3861 1152 ta·

967 1223 1132 1272 men
1161 1221 1410 1273 carere
1439 1196 1654 1272 debet
1689 1199 1908 1274 totius
1932 1197 2133 1270 illins
2159 1196 2523 1295 temporis,
2563 1219 2707 1294 quc
2742 1199 2816 1272 in
2844 1197 3225 1274 Tribunali
3253 1198 3575 1274 residere
3604 1197 3860 1274 debuit.

2195 1515 2709 1620 CCXXXV.

972 1718 1508 1821 interpretatio
1564 1715 2042 1800 Statutorum
2099 1716 2217 1800 vel
2274 1717 2783 1814 Decretorum,
2823 1717 2961 1799 aut
3016 1699 3402 1801 dubitatio.
3459 1719 3671 1802 Anno
3739 1719 3865 1799 Do-

1646 1839 1810 1920 mini
1869 1838 2082 1922 1632.
2142 1840 2268 1922 Die
2322 1839 2641 1922 Veneris
2695 1839 2745 1922 6
2802 1839 3205 1924 Februarii.

1173 2052 1626 2128 Inhaerendo
1677 2051 1816 2126 iuri
1871 2050 2256 2142 communi,
2326 2059 2473 2126 tum
2528 2051 2843 2147 antiquis
2896 2052 3569 2146 consuetudinibus,
3642 2051 3866 2125 visum

971 2182 1083 2250 est
1116 2173 1540 2249 Venerabili
1574 2172 1912 2271 Capitulo
1965 2173 2405 2267 generaliter
2458 2180 2901 2267 congregato
2956 2179 3301 2248 statuere:
3357 2197 3453 2247 ne
3502 2173 3577 2246 in
3634 2178 3865 2270 poste-

971 2320 1126 2372 rum
1203 2297 1564 2395 quispiam
1619 2294 2094 2370 Dominorum
2148 2290 2667 2392 Capitularium
2730 2317 2851 2370 res
2922 2302 2995 2368 et
3057 2296 3349 2390 negotia
3419 2293 3653 2369 semel
3724 2293 3867 2368 sive

971 2415 1270 2494 Statutis
1325 2420 1480 2494 sive
1535 2417 2121 2492 conclusionibus
2174 2415 2416 2490 decisa
2438 2472 2457 2510 ,
2532 2417 2605 2490 in
2678 2415 2969 2492 dubium
3024 2439 3287 2495 vocare
3355 2425 3433 2491 et
3498 2417 3867 2492 immutare

970 2549 1403 2639 praesumat,
1459 2540 1676 2634 alias,
1743 2545 1886 2614 tam
1941 2539 2477 2636 propositiones
2532 2537 2917 2633 eiusmodi,
2976 2563 3185 2636 quam
3244 2547 3316 2614 et
3367 2538 3868 2615 conclusiones

976 2664 1190 2738 etiam
1246 2685 1388 2739 uno
1444 2686 1602 2737 cum
1658 2661 1935 2737 ratione
1987 2661 2423 2756 refragante,
2478 2661 2717 2736 nullas
2751 2683 3051 2759 prorsus
3104 2669 3179 2736 et
3218 2661 3461 2736 irritas
3513 2661 3679 2736 fore
3715 2683 3865 2734 ceu·

971 2793 1286 2862 suerunt.
1345 2784 1627 2874 Quodsi
1689 2791 1922 2858 autem
1997 2806 2231 2858 novus
2302 2783 2567 2880 aliquis
2630 2807 2846 2858 casus
2918 2785 3321 2876 emerserit,
3392 2784 3517 2880 qui
3572 2781 3866 2857 Statutis

972 2905 1533 3002 comprehensus
1603 2926 1747 2979 non
1800 2905 1927 3000 sit,
2003 2913 2173 2980 tunc
2243 2905 2642 3004 propositio
2710 2905 2911 2981 illius
2981 2929 3127 2981 non
3178 2905 3320 2981 nisi
3390 2905 3483 2980 de
3554 2902 3865 2980 unanimi

975 3051 1333 3104 consensu
1371 3027 1706 3122 omnium,
1762 3027 1882 3102 vel
1929 3027 2185 3102 saltem
2242 3027 2536 3102 maioris
2591 3035 2663 3101 et
2715 3028 3029 3103 sanioris
3081 3029 3309 3127 partis
3359 3027 3520 3124 fiat3
3572 3027 3653 3102 in
3710 3048 3865 3100 cou-

970 3148 1329 3227 eludendo
1381 3158 1619 3225 autem
1671 3149 2053 3225 Ecclesiae
2105 3149 2557 3250 potissimum
2612 3157 2975 3249 spectetur
3010 3152 3412 3227 necessitas
3465 3157 3541 3225 et
3572 3147 3864 3224 utilitas,

2148 3461 2455 3565 CCXX
2472 3460 2711 3564 XVI.

1545 3670 2116 3755 Detinet-ationis
2169 3671 2471 3773 tempus
2526 3674 2595 3753 in
2650 3671 2910 3756 arduis
2964 3672 3311 3774 negotiis.

1183 3878 1492 3981 Saepius
1545 3882 1896 3978 contingit
1945 3882 2241 3976 negotia
2292 3883 2587 3958 maioris
2623 3884 2981 3977 momenti,
3038 3884 3369 3959 nimirum
3424 3906 3615 3980 quae
3670 3882 3747 3958 in
3797 3906 3869 3959 se

979 4005 1100 4079 vel
1177 4005 1356 4081 iuris
1434 4004 1979 4103 perplexitatem
2051 4005 2452 4098 continent,
2533 4006 2650 4081 vel
2740 4007 2935 4081 circa
3002 4004 3435 4083 Pontificum
3517 4006 3870 4103 rescripta

973 4134 1049 4201 et
1099 4128 1390 4201 decreta
1445 4150 1633 4203 nova
1685 4134 1810 4201 ant
1862 4126 2157 4223 antiqua
2207 4136 2617 4217 versantur,
2692 4136 2837 4205 tum
2893 4152 3078 4224 quae
3150 4128 3679 4228 praeiudicium
3748 4122 3868 4201 ali·

976 4249 1180 4324 cuius
1251 4250 1406 4325 sive
1477 4250 1832 4347 privatum
1905 4249 2063 4325 sive
2132 4250 2497 4347 publicum
2572 4258 3049 4345 concernunt,
3126 4251 3499 4350 insperato
3569 4248 3871 4349 proponi

939 4377 1048 4444 .et
1101 4394 1142 4445 e
1193 4371 1506 4465 vestigio
1561 4370 1946 4445 terminari.
2006 4370 2320 4445 Proinde
2372 4371 2785 4447 Reverendi
2830 4373 3123 4448 Domini
3158 4370 3573 4471 Capitulum
3633 4372 3868 4471 dispo·

974 4492 1281 4567 nendum
1337 4501 1798 4570 censuerunt:
1873 4514 1965 4565 ne
2021 4492 2408 4591 quodpiam
2461 4496 2863 4591 negotium,
2939 4495 3055 4571 cui
3108 4494 3561 4570 discutiendo
3630 4492 3871 4590 gravis

977 4611 1401 4687 deliberatio
1455 4614 1550 4689 sit
1602 4614 2037 4709 necessaria,
2094 4615 2169 4689 in
2226 4615 2617 4690 continenti
2668 4624 3037 4711 tractetur,
3100 4617 3232 4693 sed
3287 4616 3457 4692 dato
3513 4616 3869 4692 delibera-

976 4734 1154 4809 tioni
1205 4737 1395 4811 iusto
1449 4745 1794 4835 tempore.
