4055 6364
1360 740 1935 827 -221-

179 948 553 1020 adversario
596 968 713 1035 per
756 948 1241 1034 appellationem
1287 948 1647 1033 impetatur.
1696 948 1815 1029 Qui
1864 947 2330 1032 possessionem
2368 948 2652 1019 omnium
2687 947 3094 1029 demtum..

178 1056 305 1119 aut
322 1054 582 1121 maioris
600 1055 822 1138 partis,
864 1054 1253 1137 praelaturae
1288 1054 1389 1119 vel
1416 1054 1811 1135 praebendae
1848 1053 2208 1135 acceptatae
2236 1052 2400 1119 inter
2432 1052 2754 1137 litigantes
2782 1051 3094 1133 habuerit,

176 1158 515 1225 tenebitur
574 1175 697 1241 pro
760 1176 1127 1241 possessore
1188 1159 1253 1223 in
1316 1157 1602 1237 ecclesia,
1670 1158 1735 1223 et
1795 1155 2098 1229 officiabit
2162 1156 2414 1227 Missas.
2483 1154 2548 1221 Si
2593 1156 2807 1231 autom
2851 1157 2978 1227 duo
3025 1176 3102 1231 ex

178 1279 396 1345 aequo
447 1262 725 1329 decimas
770 1262 837 1327 in
880 1262 1281 1347 possessione
1324 1261 1675 1339 habuerint,
1728 1261 1927 1345 primo
1962 1262 2254 1344 receptus
2289 1260 2602 1331 tenebitur
2635 1260 2707 1333 ut
2741 1279 3093 1345 possessor.

178 1452 611 1519 Praeterea
657 1452 831 1535 quia
876 1452 1359 1534 experientia
1402 1451 1728 1519 docente
1778 1451 2260 1536 compertum
2307 1452 2444 1517 est.
2507 1450 2692 1535 (Stat.
2742 1452 3056 1535 XLVIII).

402 1555 665 1627 Movens
728 1554 905 1621 litem
964 1553 1255 1639 Capitulo
1302 1558 1413 1621 ant
1459 1554 1647 1621 alicui
1692 1554 2019 1640 capitulari
2067 1553 2297 1636 aliquis
2344 1554 2672 1626 Praelatus
2719 1557 2784 1623 et
2828 1553 3095 1627 Canoni-

177 1678 303 1725 cus
350 1657 781 1730 Cracoviensis
826 1678 939 1743 pro
987 1677 1083 1736 eo,
1134 1658 1303 1743 quod
1348 1677 1685 1743 processus
1728 1658 2176 1733 executoriales
2224 1658 2443 1727 contra
2486 1659 2695 1745 ipsum
2732 1662 3088 1733 execuntur.

177 1764 301 1837 aut
355 1762 663 1849 legittime
706 1762 1114 1847 appellationi
1184 1764 1399 1829 contra
1454 1782 1595 1831 eum
1645 1762 2036 1841 adhaeretur,
2086 1761 2152 1829 in
2197 1780 2464 1845 poenam
2509 1780 2660 1828 suae
2719 1763 3092 1834 temeritatis

172 1868 495 1954 perpetuo
550 1866 849 1936 inhabilis
914 1867 1013 1933 est
1075 1866 1155 1935 ad
1217 1866 1638 1951 provisionem
1694 1866 1757 1937 in
1804 1866 2094 1932 domibus
2151 1868 2216 1932 et
2258 1866 2430 1933 villis
2475 1862 3094 1949 praestimonialibus'

172 1988 219 2035 a
268 1968 566 2054 capitulo
612 1969 1037 2037 obtinendam.

172 2142 505 2227 Siquis
551 2144 1127 2211 Dominorum.
1174 2145 1354 2227 (stat.
1407 2144 1661 2227 XLIX).

394 2247 644 2333 Begens
709 2249 927 2315 villam
992 2248 1567 2333 praestimonialem
1632 2267 1892 2321 censum
1952 2248 2196 2333 integre
2261 2266 2336 2315 ex
2394 2248 2508 2315 illa
2553 2248 2796 2317 solvere
2839 2250 3089 2323 tenetur

166 2352 537 2433 quindecim
586 2351 807 2420 diebus
853 2358 998 2436 post
1039 2353 1271 2427 festum
1318 2350 1531 2419 Sancti
1572 2351 1849 2419 Martini.
1875 2351 2066 2417 Secus
2111 2350 2373 2432 faciens,
2423 2354 2668 2436 praeter
2715 2353 2870 2421 alias
2919 2370 3086 2442 poe-

164 2474 314 2535 nas,
366 2455 424 2521 si
468 2474 768 2539 praesens
816 2459 933 2536 est,
984 2458 1221 2525 carebit
1282 2456 1726 2527 refectionibus
1774 2456 2064 2528 omnibus
2111 2455 2311 2525 donec
2356 2456 2632 2525 solverit.
2719 2454 2784 2525 Si
2831 2455 3082 2533 absens,

164 2559 540 2626 monebitur
602 2562 665 2625 et
716 2561 1353 2634 excommunicabitur
1407 2560 1471 2624 in
1517 2560 1676 2626 facie
1720 2558 2062 2631 Ecclesiae.
2145 2558 2230 2624 Et
2274 2561 2326 2623 si
2373 2560 3084 2633 excommunicationem

168 2681 289 2745 per
336 2664 669 2731 tremestre
714 2664 965 2748 tempus
1013 2664 1405 2743 sustinuerit,
1456 2664 1681 2746 privari
1728 2663 1915 2729 debet
1961 2663 2110 2729 villa
2156 2664 2220 2729 et
2265 2663 2443 2735 alteri
2493 2662 2784 2733 conferri.

163 2836 757 2903 Indemnitati
802 2837 1199 2902 villarum
1246 2836 1762 2903 vacantium.
1814 2834 2005 2922 (Stat.
2053 2836 2146 2917 L).

386 2940 731 3006 Vacatione
776 2940 1115 3006 cuiuslibet
1157 2939 1343 3006 villae
1388 2937 1921 3024 praestimonialis
1968 2941 2363 3021 occurrente,
2414 2940 2852 3022 procuratores
2900 2937 3082 3025 Capi·

164 3042 289 3108 tuli
343 3043 421 3110 de
466 3043 577 3109 illa
626 3062 693 3109 se
740 3043 1183 3123 intromittant,
1234 3044 1299 3109 et
1344 3043 1694 3131 conscripto
1761 3042 2039 3108 omnium
2095 3062 2302 3109 rerum
2370 3043 2805 3109 derelicturum
2863 3042 3080 3111 inven-

160 3148 362 3228 tario,
414 3146 721 3233 expeditis
768 3147 1180 3222 creditoribus
1228 3148 1292 3218 et
1338 3148 1779 3227 servitoribus,
1867 3149 1918 3212 si
1965 3146 2217 3215 aliunde
2265 3147 2593 3218 commode
2639 3147 2914 3233 expediri
2961 3167 3082 3216 non

161 3252 472 3336 poterint,
525 3270 708 3318 omne
753 3252 920 3334 quod
969 3253 1252 3331 restabit,
1308 3253 1370 3317 in
1420 3253 1911 3326 anniversarium
1956 3251 2231 3324 defuncti
2280 3253 2664 3320 convertent.

162 3426 788 3498 Revolvuntes
835 3444 1011 3492 cum
1061 3426 1358 3492 debita
1403 3426 1911 3510 diligentia.
1964 3425 2152 3508 (Stat.
2205 3425 2334 3508 LI).

383 3530 483 3596 Ad
529 3530 875 3612 quamlibet
918 3528 1105 3596 villae
1152 3533 1215 3595 et
1262 3529 1483 3596 domus
1530 3529 1915 3612 capitularis,
1984 3529 2456 3612 quomodolibet
2499 3527 2803 3606 vacantia,
2854 3527 3071 3594 distri-

162 3635 521 3718 butionem,
586 3635 801 3699 citatio
866 3633 1177 3718 generalis
1240 3634 1303 3697 in
1360 3633 1549 3698 choro
1614 3633 1929 3718 affigenda
1973 3633 2134 3698 infra
2179 3651 2457 3698 mensem
2507 3631 2694 3698 debet
2738 3633 3075 3716 praemitti,

161 3738 231 3801 et
276 3737 347 3802 in
379 3737 479 3803 die
518 3738 867 3822 capitulari,
920 3758 1134 3809 mense
1180 3738 1380 3821 lapso,
1430 3737 1581 3803 villa
1630 3738 1729 3803 vel
1775 3738 1999 3803 domus
2049 3738 2250 3820 op'tari
2297 3737 2396 3804 vel
2441 3735 2752 3816 distribui,
2802 3736 2924 3802 nisi
2969 3756 3078 3801 va-

162 3841 335 3907 catio
386 3843 503 3907 sub
548 3843 830 3924 tempore
877 3840 1151 3932 Capituli
1196 3841 1552 3926 generalis,
1604 3845 1711 3906 aut
1757 3841 1919 3906 infra
1956 3860 2208 3907 cursum
2257 3840 2404 3906 dicti
2450 3839 2691 3905 mensis
2738 3840 3076 3906 celebratio

163 3945 306 4010 eius
358 3948 731 4011 occurreret.
799 3945 976 4011 Nulli
1040 3948 1228 4012 etiam
1292 3945 1553 4012 fratrum
1609 3945 1826 4011 licebit
1878 3947 2037 4011 duas
2080 3944 2179 4010 vel
2225 3946 2436 4028 plures
2486 3944 2668 4010 villas
2713 3943 3078 4026 praestimo-

160 4049 395 4132 niales,
442 4048 634 4114 simul
678 4050 780 4115 vel
823 4049 1213 4132 successive,
1265 4051 1481 4133 optare
1544 4049 1643 4119 vel
1709 4050 2009 4128 obtinere,
2082 4049 2194 4116 sed
2238 4048 2498 4124 meliore
2545 4048 2840 4125 obtenta,
2910 4046 3080 4130 prior

160 4152 467 4227 causetur
506 4172 751 4233 vacare,
793 4153 973 4221 alteri
1024 4173 1099 4220 ex
1144 4152 1362 4220 ordine
1409 4153 1800 4223 conferenda.

167 4325 601 4407 Quotiens
648 4326 743 4391 de
789 4326 1157 4392 caetero,
1210 4324 1395 4409 (Stat.
1449 4326 1613 4411 Lu).

383 4429 449 4495 Si
493 4431 804 4514 potiorem
847 4430 1063 4496 villam
1111 4433 1335 4514 optans
1384 4430 1570 4497 aliam
1615 4430 1873 4508 habuit,
1942 4449 2065 4494 non
2114 4429 2300 4495 debet
2347 4428 2467 4497 sibi
2510 4429 2576 4495 in
2624 4426 2722 4496 die
2769 4427 3073 4494 distribu-

160 4534 385 4611 tionis,
457 4533 582 4598 nisi
628 4534 802 4616 prius
847 4553 959 4617 per
1002 4533 1361 4599 visitatores
1409 4533 1739 4617 diligentes
1783 4532 2190 4617 inspiciatur,
2262 4533 2316 4596 si
2363 4532 2589 4615 prioris
2653 4531 3077 4598 conditionem

158 4638 321 4704 fecit
369 4639 713 4716 meliorem,
782 4639 846 4702 in
912 4637 1321 4722 subsequenti
1385 4637 1485 4708 dia
1542 4636 1873 4720 capitulari
1932 4637 2218 4702 conferri.
2289 4635 2464 4704 Alias
2531 4634 2583 4700 si
2645 4634 3072 4703 conditionem

159 4743 457 4826 repertus
501 4741 693 4814 fuerit
716 4742 903 4811 villae
931 4742 1159 4826 prioris
1200 4761 1321 4816 non
1360 4741 1581 4809 fecisse
1620 4741 1963 4819 meliorem,
2006 4739 2240 4824 poterit
2283 4740 2462 4806 alteri
2503 4739 2718 4822 capaci
2755 4738 3070 4827 distribui,

160 4848 235 4912 et
278 4844 663 4912 deteriorans
710 4844 939 4927 puniri,
990 4845 1110 4910 nisi
1158 4846 1431 4911 brevitas
1479 4846 1851 4928 temporum,
1904 4862 2027 4927 quo
2075 4843 2345 4927 priorem
2391 4843 2632 4922 tenuit,
2685 4862 2850 4923 eum,
2901 4842 3070 4926 quod

158 4950 397 5017 iudicio
445 4949 775 5034 capitulari
820 4949 1213 5033 relinquitur,
1284 4951 1625 5015 excusaret.
1700 4947 2044 5033 Negligens
2081 4949 2291 5013 venire
2337 4947 2414 5013 ad
2464 4947 2628 5013 diem
2677 4946 3072 5013 distributio-

160 5055 265 5121 nis
313 5055 379 5119 in
426 5055 719 5120 citatione
766 5055 1154 5134 contentam,
1206 5053 1271 5118 in
1317 5053 1417 5118 die
1464 5051 1783 5118 dilationis
1828 5070 1951 5119 non
2000 5053 2229 5136 poterit
2271 5051 2484 5118 villam
2532 5051 2770 5134 optare.

163 5227 361 5296 Cum
408 5228 503 5296 de
547 5227 773 5302 villa
816 5225 1447 5310 praestimoniali
1494 5226 1575 5294 et
1614 5224 1707 5298 de
1753 5223 2176 5298 fructibus,
2229 5225 2448 5307 (Lm).

375 5332 441 5400 Si
470 5349 905 5416 possessorem
926 5331 1111 5402 villae
1138 5329 1667 5414 praestimonialis
1704 5331 1847 5402 ante
1892 5348 2192 5412 messem,
2239 5328 2564 5404 seminatis
2591 5327 2762 5413 agris
2799 5327 3074 5402 aestiva-
