4055 6364
933 964 1181 1055 pateat
1233 980 1576 1033 accessus
1601 1014 1618 1049 ‚
1675 982 1762 1033 ac
1814 980 1906 1032 ne
1960 957 2184 1033 variis
2239 957 2831 1055 occupationibus
2886 956 3543 1055 malevolorumque
3606 958 3839 1033 homi-

930 1103 1096 1155 num
1137 1080 1708 1177 surreptionibus
1736 1080 2128 1177 depereant
2166 1088 2237 1155 et
2272 1088 2751 1177 exponantur:
2792 1080 3065 1155 idcirco
3102 1080 3192 1155 ad
3232 1080 3667 1155 servandum
3708 1080 3842 1155 hu-

928 1200 1238 1277 iusmodi
1305 1200 1613 1295 Libros,
1689 1200 2134 1277 Munimenta
2204 1200 2629 1297 capitularia
2688 1200 2925 1277 locum
3002 1202 3473 1299 capitularem
3494 1258 3513 1297 ,
3588 1208 3845 1301 utpote

931 1324 1261 1398 omnibus
1297 1323 1484 1398 locis
1529 1324 2106 1416 commodiorem,
2164 1323 2720 1417 assignaverunt
2768 1332 2841 1398 et
2885 1324 3443 1422 deputaverunt3
3496 1332 3717 1421 atque
3766 1332 3847 1401 ut

930 1444 1260 1542 inprimis
1329 1444 1738 1521 huiusmodi
1806 1444 2207 1539 Privilegia
2260 1453 2332 1521 et
2384 1444 2827 1521 Munimenta
2896 1446 2971 1519 in
3026 1468 3114 1521 eo
3166 1447 3371 1539 loco,
3444 1446 3571 1521 ubi
3642 1469 3845 1521 nunc

930 1574 1413 1659 asservantur,
1474 1567 1609 1640 sub
1647 1567 1924 1643 meliori
1971 1575 2044 1640 et
2077 1566 2377 1640 firmiori
2413 1566 2767 1658 clausura,
2826 1567 2960 1641 sub
2998 1567 3279 1641 duabus
3334 1568 3667 1642 clavibus
3717 1591 3841 1642 as-

931 1697 1308 1765 serventur
1359 1712 1448 1761 ac
1499 1688 1943 1781 claudantur,
2020 1711 2319 1784 quarum
2376 1688 2674 1762 alteram
2728 1710 2915 1764 unus
2968 1712 3059 1762 ex
3112 1686 3453 1787 Capitulo
3524 1686 3841 1763 Confra-

931 1821 1042 1886 ter
1093 1835 1224 1908 per
1275 1810 1981 1885 Reverendissimum
2043 1810 2425 1885 Dominum
2482 1808 2925 1906 Episcopum
2976 1818 3048 1885 et
3082 1808 3492 1907 Capitulum
3550 1810 3645 1885 ad
3697 1810 3843 1885 hoc

932 1932 1422 2029 deputandus,
1497 1933 1794 2008 alteram
1867 1955 2041 2005 vero
2106 1932 2450 2006 Notarius
2520 1932 2941 2028 capitularis
3017 1932 3277 2007 amodo
3348 1943 3419 2007 et
3490 1932 3843 2031 deinceps

931 2056 1188 2129 futuris
1267 2056 1704 2151 temporibus
1774 2053 2087 2129 habituri
2142 2063 2213 2127 et
2267 2055 2709 2127 asservaturi
2784 2062 2985 2147 sunt,
3052 2054 3418 2129 habebunt
3470 2063 3543 2129 et
3594 2078 3841 2129 asser-

932 2178 1218 2251 vabunt.

2194 2364 2583 2465 CLXDQ

935 2574 1304 2658 Revisioni
1360 2574 1522 2655 dum
1579 2572 1672 2653 fit
1726 2592 1863 2673 per
1919 2570 2405 2656 Reverendos
2475 2573 2819 2655 Dominus
2875 2593 2967 2654 ex
3023 2572 3355 2673 capitulo
3424 2571 3842 2673 deputatos

934 2698 1000 2778 in
1051 2696 1263 2778 bonis
1316 2694 1871 2797 episcopalibus
1921 2694 2131 2785 adsit
2180 2694 2665 2794 capitaneus.
2721 2694 2931 2777 Α11110
2982 2694 3199 2776 1594.
3258 2694 3384 2776 Die
3434 2693 3515 2775 18
3568 2692 3841 2775 Martii.

1141 2895 1520 2997 Quoniam'
1555 2910 1626 2979 iu
1679 2907 2163 2982 revisionibus
2218 2908 2562 2980 bonorum
2620 2906 3142 3002 episcopalium
3196 2927 3326 3001 per
3374 2902 3841 3000 Capitulares

933 3029 1217 3103 absolvi
1245 3030 1500 3121 solitiS,
1540 3028 1760 3125 idque
1799 3029 1955 3107 sine
1989 3028 2388 3103 Praefectis
2417 3029 2955 3125 episcopalibus
2997 3026 3427 3117 observatis,
3470 3026 3842 3099 multoties

933 3151 1174 3226 nullus
1229 3152 1526 3226 effectus
1583 3152 2196 3247 consequebatur3
2253 3150 2527 3224 idcirco
2582 3150 2910 3225 volentes
2956 3158 3033 3225 ut
3067 3146 3474 3224 huiusmodi
3528 3148 3839 3224 revisio·

935 3297 1066 3348 nes
1121 3297 1280 3348 cum
1321 3274 1696 3348 commodo
1735 3281 1806 3346 et
1839 3273 2145 3348 utilitate
2201 3273 2503 3346 Mensae
2556 3271 2999 3368 episcopalis
3036 3271 3529 3369 expediantur,
3588 3293 3835 3344 suum·

933 3417 1075 3490 que
1127 3419 1412 3491 semper
1466 3395 1853 3469 sortiantur
1907 3395 2271 3488 effectum,
2328 3394 2419 3468 de
2472 3417 2831 3468 consensu
2886 3402 2957 3467 et
3007 3395 3081 3468 in
3138 3391 3549 3490 praesentia
3602 3391 3844 3466 Reve-

933 3516 1346 3590 rendissimi
1401 3516 1694 3590 Domini
1751 3515 2097 3613 deinceps
2152 3514 2681 3590 observandum
2745 3522 3186 3590 statuerunt:
3243 3521 3319 3588 ut
3372 3513 3841 3609 quotiescun-

936 3660 1071 3734 que
1124 3639 1392 3712 revisio
1445 3661 1576 3736 per
1629 3636 2085 3735 Capitularcs
2138 3641 2209 3712 in
2268 3639 2478 3712 bonis
2531 3637 3071 3734 episcopalibus
3124 3639 3363 3711 futura
3416 3642 3562 3729 est,
3622 3637 3847 3710 etiam

935 3759 1295 3834 Praefecti
1329 3761 1786 3858 episcopales
1833 3747 2031 3840 illius
2066 3762 2229 3854 loci,
2288 3762 2412 3836 ubi
2448 3761 2717 3835 revisio
2768 3759 3095 3854 habetur,
3152 3765 3445 3856 propter
3498 3757 3847 3832 informa—

935 3880 1198 3956 tionem
1257 3881 1554 3956 duorum
1610 3883 2041 3960 Revisorum
2079 3883 2573 3980 capitularium
2620 3890 2693 3956 et
2739 3892 3030 3980 propter
3085 3881 3307 3956 multa
3362 3880 3839 3974 emergentia,

938 4025 1224 4100 semper
1276 4004 1534 4095 adsint,
1593 4001 2064 4081 decreverunt
2116 4013 2188 4079 et
2243 4011 2664 4080 statuerunt.

2209 4315 2558 4416 CLXX.

943 4524 1424 4608 pontificales
1479 4543 1911 4625 sacraeque
1965 4523 2250 4606 vestes
2307 4522 2665 4624 quomodo
2736 4523 3126 4624 Episcopis
3182 4523 3251 4605 in
3310 4520 3654 4605 Ecclesia
3713 4540 3847 4604 ee-

942 4646 1407 4730 lebrantibus
1475 4648 1558 4728 et
1612 4646 1835 4727 extra
1898 4644 3089 4849 1113110αἵὲῒῑῧᾯῇῗοηοοᾱοηᾱαο.
3154 4644 3364 4726 Anno
3430 4642 3649 4724 1594.
3712 4643 3851 4726 Die

1149 4979 1504 5067 Quamvis
1557 4978 2238 5052 Reverendissimus
2278 4977 2633 5052 Dominus
2676 4978 3083 5074 Episcopus
3120 4975 3631 5051 Cracoviensis
3668 4999 3850 5050 con-

939 5111 1238 5196 questus
1310 5108 1449 5191 est,
1527 5101 1668 5173 sibi
1738 5110 2074 5193 tanquam
2152 5098 2519 5195 Episcopo
2591 5123 2709 5173 res
2766 5107 2835 5172 et
2898 5107 3289 5194 apparatus
3360 5096 3849 5194 pontificales,

935 5225 1221 5319 aliaque
1275 5245 1406 5318 pro
1461 5229 1782 5317 tempore
1857 5221 2273 5294 necessaria
2346 5244 2487 5294 11011
2553 5222 2769 5294 facile
2844 5245 2975 5316 per
3028 5219 3557 5294 Vicecustodes
3628 5218 3851 5294 huius

937 5345 1316 5422 Ecclesiae
1371 5344 1510 5418 sibi
1563 5343 1844 5420 extradi
1897 5343 2173 5437 solere,
2232 5353 2303 5418 et
2353 5343 2525 5418 ideo
2574 5343 3047 5420 Reverendos
3122 5341 3477 5418 Dominos
3542 5339 3847 5440 Capitu-
