4055 6364
1220 2116 2040 2247 DECRETA

416 2348 764 2441 PETRI
834 2350 1305 2443 TYLICKI
1372 2350 1902 2446 EPISCOPI
1980 2354 2834 2449 CRACOVIENSIS

902 2562 1385 2645 cracoviae,
1432 2566 1569 2629 die
1611 2566 1713 2629 14
1750 2566 2088 2644 Aprilis
2130 2566 2361 2631 1612.

1418 2770 1631 2783 ὀι-*σαν*-
1705 2774 1768 2781 --—
1785 2776 1825 2783 -υ

377 3044 639 3119 Petrus
690 3043 993 3143 Tylicki
1046 3047 1188 3120 Dei
1243 3054 1315 3122 et
1350 3046 1819 3143 Apostolicae
1873 3046 2088 3123 Sedis
2139 3050 2376 3144 gratia
2429 3049 2840 3148 Episcopus
2892 3051 3070 3127 Cra-

160 3166 539 3243 covicnsis
558 3225 578 3259 ,
657 3167 833 3242 Dux
903 3165 1355 3245 Severiensis
1425 3176 1561 3244 etc.
1636 3167 2091 3245 Reverendis
2171 3171 2497 3245 Dominis
2572 3170 2928 3249 Praelatis
2999 3182 3075 3250 ct

154 3287 595 3382 Canonicis,
632 3291 903 3387 totique
942 3289 1280 3388 Capitulo
1333 3291 1722 3366 Ecclesiae
1775 3299 2066 3366 nostrae
2123 3290 2584 3368 Cathcdralis
2636 3292 3070 3370 Cracovien-

158 3412 291 3502 sis,
350 3411 733 3488 Fratribus
784 3411 856 3485 in
912 3410 1205 3486 Christo
1260 3412 1727 3504 charissimis,
1790 3411 2065 3486 Christi
2119 3412 2290 3487 Iesu
2325 3415 2631 3506 gratiam
2687 3423 2761 3489 et
2793 3439 3066 3513 pacem.

374 3533 824 3608 Pastoralem
881 3534 1324 3629 provinciam
1394 3542 1737 3628 gerentes
1810 3534 2023 3629 quasi
2076 3555 2295 3631 super
2349 3536 2648 3631 specula
2700 3537 2775 3609 in
2831 3538 3070 3613 Domo

156 3654 309 3728 Dei
364 3655 754 3747 constituti,
812 3655 1145 3730 omnibus
1198 3654 1484 3752 quidem
1543 3655 1903 3730 Ecclesiis
1956 3663 2247 3729 nostrae
2303 3655 2743 3730 solicitudini
2798 3655 3070 3731 adscri-

155 3776 333 3872 ptis,
390 3776 628 3871 quoad
686 3776 1094 3850 infirmitate
1148 3774 1570 3851 circumdati
1622 3798 2031 3872 possumne,
2090 3773 2548 3850 Visitationis
2599 3777 3069 3851 ministerium

154 3895 582 3995 impendere
638 3898 1068 3993 satagimus3
1127 3898 1193 3972 ei
1246 3920 1444 3990 vcro,
1483 3897 1669 3972 inter
1704 3922 1916 3994 quam
1966 3906 2040 3971 et
2079 3920 2214 3973 nos
2250 3919 2562 3993 superna
2598 3896 3072 3994 dispositione

156 4017 672 4093 Ecclesiastioi
728 4019 1044 4114 coniugii
1082 4042 1311 4095 nexus
1346 4019 1749 4114 intercedit,
1809 4018 1994 4093 adeo
2031 4017 2478 4113 vigilantiam
2529 4026 2843 4114 nostram
2881 4017 3062 4115 Epi-

159 4139 536 4237 scopalem
590 4139 997 4213 devinctam
1051 4142 1662 4235 recognoscimus,
1721 4148 1799 4214 ut
1848 4139 2038 4214 idem
2092 4139 2164 4211 in
2205 4163 2295 4213 ea
2329 4161 2463 4214 nos
2499 4139 2742 4213 facere
2799 4139 3065 4214 debere

158 4283 613 4350 censeamus,
672 4262 862 4357 quod
918 4261 1091 4336 olim
1148 4262 1341 4336 Mosi
1396 4262 1753 4336 Dominus
1806 4260 2213 4334 faciendum
2277 4261 2680 4357 praecepit,
2738 4269 2815 4334 ut
2868 4259 3068 4334 vide-

156 4381 337 4456 licet
397 4383 556 4456 eius
608 4405 863 4456 omnes
936 4383 1253 4456 rationes
1326 4382 1489 4456 sinu
1564 4390 1812 4456 nostro
1887 4381 2471 4477 complectamur,
2547 4381 2761 4455 sicuti
2831 4381 3070 4456 nutrix

156 4501 509 4577 infantem
564 4511 823 4599 portat.
883 4501 1096 4591 Quod
1151 4503 1373 4577 officii
1427 4502 1659 4576 nostri
1712 4523 1968 4578 munus
2022 4523 2183 4574 cum
2225 4524 2451 4599 nuper
2488 4499 2894 4596 Collegium
2948 4527 3066 4576 ve-

162 4631 387 4698 strum
463 4623 825 4698 visitando
896 4624 1415 4714 exolverimus,
1474 4623 1664 4719 quod
1720 4623 1810 4697 ad
1867 4622 2268 4720 explendas
2325 4623 2726 4698 vocationis
2783 4631 3070 4698 vestrae

160 4753 410 4840 partes
484 4745 845 4842 pertinere
896 4741 1417 4850 iudicavimus,
1497 4745 1859 4841 praesenti
1930 4745 2288 4842 scriptura
2341 4744 2883 4841 complectimur
2937 4766 3070 4818 vos

162 4865 237 4939 in
291 4866 609 4940 Domino
659 4865 1054 4958 hortantes,
1114 4873 1191 4941 ut
1242 4889 1383 4961 quo
1439 4866 1770 4940 altiorem
1822 4865 2128 4961 gradum
2181 4865 2256 4938 in
2306 4865 2642 4939 Ecclesia
2693 4865 2839 4937 Dei
2893 4887 3068 4960 prae

162 4987 331 5063 aliis
382 4987 456 5061 in
512 4995 780 5062 sortem
836 4987 1131 5060 Domini
1183 4987 1486 5080 vocatis,
1558 4985 1798 5061 sortiti
1870 4986 2092 5077 estis,
2169 4992 2367 5059 tanto
2422 4985 2662 5060 acrius
2717 4991 2790 5058 et
2839 4982 3064 5057 fiden-

162 5109 307 5185 tius
361 5107 835 5201 contendatis,
889 5116 970 5182 ut
1021 5108 1496 5204 amplioribus
1572 5107 1860 5182 divinae
1913 5105 2194 5200 gratiae
2252 5105 2636 5203 praesidiis
2687 5126 2820 5201 per
2875 5104 3072 5180 bona

167 5253 389 5330 opera
442 5230 803 5324 cumulati,
853 5231 1087 5305 facem
1158 5230 1249 5305 ad
1308 5229 1597 5327 pietatis
1670 5227 2128 5303 Christianae
2199 5227 2442 5302 officia
2510 5225 2786 5301 cunctis
2857 5245 3064 5321 prae·

166 5353 439 5428 feratis.
