4055 6364
1373 619 1518 732 ’-
1636 672 1780 752 179
1897 719 1985 732 -

221 887 651 987 episcopali
688 886 781 961 ad
821 887 1042 962 vitam
1097 886 1398 962 concedi
1451 886 1686 962 solitis
1737 884 1980 962 fundis
2036 886 2299 961 exoriri
2352 886 2657 982 soleant,
2717 908 2899 983 quae
2950 887 3166 961 etiam

217 1009 414 1084 inde
468 1017 884 1104 nascuntur,
946 1009 1138 1106 quod
1189 1010 1262 1082 in
1317 1009 1546 1083 literis
1596 1008 2185 1084 Reverendorum
2237 1009 2712 1086 Dominorum
2771 1008 3153 1085 ordinatIo·

219 1157 410 1208 nem
465 1132 692 1224 fundi,
749 1155 1012 1208 census
1065 1131 1392 1229 adeoque
1447 1132 1684 1206 omnia
1736 1133 1811 1206 in
1867 1132 2099 1208 dictas
2150 1130 2600 1209 Advocatias
2654 1143 2727 1208 et
2767 1128 3155 1208 Scultetias

221 1255 683 1352 pertinentia
716 1253 1184 1349 generalibus
1219 1252 1572 1328 interdum
1627 1254 1976 1330 clausulis
2021 1253 2345 1356 „describi
2400 1255 2703 1350 soleant,
2761 1280 2853 1331 ex
2890 1255 3152 1353 quibus

225 1401 392 1451 non
447 1383 694 1474 potest
747 1382 1080 1450 constare
1135 1376 1498 1471 quantitas
1553 1384 1625 1450 et
1676 1377 1934 1450 modus
2004 1377 2337 1472 beneficii
2393 1376 2875 1474 concedendi,
2950 1399 3157 1453 occa·

227 1499 507 1595 sioque
562 1497 771 1572 datur
823 1499 1197 1573 tenutariis
1252 1498 1601 1573 bonorum
1675 1497 2194 1594 episcopalium
2246 1499 2323 1572 in
2377 1498 2651 1574 eisdem
2702 1497 3150 1594 Advocatiis‚

227 1618 712 1696 Scultetiisve
767 1620 1040 1716 aliquid
1095 1619 1408 1714 augendi
1463 1620 1582 1693 vel
1635 1619 2043 1716 minuendi3
2112 1621 2375 1716 quibus
2428 1622 2759 1697 omnibus
2812 1646 2903 1698 ac
2953 1622 3155 1697 inde·

227 1743 527 1817 mnitati
583 1744 927 1818 bonorum
985 1743 1501 1840 episcopalium
1564 1741 1976 1817 Reverendi
2036 1743 2334 1818 Domini
2398 1743 2776 1819 consulere
2829 1744 3157 1820 volentes

227 1864 731 1939 decreverunt
797 1864 1095 1939 firmiter
1163 1865 1236 1939 in
1301 1871 1664 1961 posterum
1738 1863 2305 1939 observandum:
2379 1872 2457 1940 ut
2524 1865 2664 1940 hoc
2715 1863 3157 1942 Venerabile

225 1985 654 2084 Capitulum
713 1986 1069 2062 similibus
1121 1986 1707 2061 Reverendorum
1764 1986 2237 2062 Dominorum
2288 1986 2521 2062 literis
2558 2010 2698 2062 non
2738 1989 2949 2063 aliter
2984 2009 3153 2063 con·

229 2132 536 2183 sensum
595 2132 799 2183 suum
871 2110 1247 2206 praebeat,
1323 2109 1463 2183 nisi
1515 2109 1590 2182 in
1645 2108 1829 2206 ipsis
1881 2109 2116 2184 literis
2170 2110 2556 2185 summarie
2612 2117 2684 2184 et
2738 2109 3155 2207 specialiter

225 2231 485 2306 omnia
541 2232 1050 2326 exprimantur,
1107 2231 1444 2306 videlicet
1498 2228 1688 2327 quod
1737 2231 1931 2304 lanei
1964 2228 2439 2322 Advocatiae,
2496 2229 2911 2328 Scultetiae,
2968 2231 3151 2306 Offi-

225 2355 450 2427 cinae
530 2353 952 2428 minerariae
1007 2353 1415 2450 adscriptae
1471 2354 1654 2443 sint,
1729 2362 1904 2448 quot
1969 2353 2309 2427 tabernas
2361 2353 2663 2449 habeat,
2720 2363 2793 2430 et
2847 2377 2941 2428 an
3002 2355 3153 2430 illis

224 2477 402 2570 agri
457 2475 778 2549 adiuncti
832 2478 975 2551 sint
1026 2477 1101 2549 in
1155 2484 1304 2550 tres
1359 2499 1655 2572 campos
1718 2475 2074 2568 distincti,
2148 2475 2476 2549 similiter
2525 2499 2618 2550 an
2673 2482 2746 2550 et
2800 2483 2972 2572 quot
3022 2475 3149 2551 ha-

225 2599 465 2672 beant
501 2597 938 2691 cmethones,
997 2608 1168 2694 quot
1201 2599 1644 2692 hortulanos,
1703 2598 1864 2694 quis
1919 2620 2183 2672 census
2221 2619 2311 2672 ex
2344 2596 2753 2673 Advocatia
2804 2597 3147 2692 solvatur,

226 2742 426 2815 quae
479 2720 649 2793 item
702 2741 923 2792 onera
979 2720 1152 2794 dicti
1205 2719 1646 2794 beneficiarii
1699 2727 2096 2812 teneantur,
2154 2727 2226 2814 et
2262 2719 2454 2816 quod
2508 2720 2861 2796 incisione
2911 2720 3146 2815 ligno-

223 2864 393 2915 rum
451 2838 820 2914 moderata
867 2842 1067 2916 iuxta
1118 2842 1460 2916 terminos
1514 2843 1656 2916 sibi
1707 2843 2123 2936 assignatos
2160 2843 2260 2917 uti
2296 2841 2633 2936 debeant,
2688 2865 2874 2939 quae
2910 2843 3149 2918 omnia

227 2987 402 3038 cum
455 2961 886 3037 Revisorum
939 2988 984 3036 a
1019 2962 1441 3038 Venerabili
1496 2963 1834 3062 Capitulo
1889 2965 2387 3062 deputatorum
2440 2964 2672 3039 oculis
2716 2964 3149 3063 perlustrata

230 3095 308 3159 et
365 3085 787 3160 Venerabili
841 3084 1178 3185 Capitulo
1231 3087 1461 3161 relata
1512 3087 1796 3182 fuerint,
1853 3110 2147 3184 remque
2200 3087 2301 3162 ita
2340 3111 2419 3162 se
2474 3085 2766 3181 habere,
2824 3093 3035 3185 prout
3068 3087 3143 3161 in

229 3210 642 3304 Privilegio
697 3218 1048 3304 narratur,
1105 3212 1483 3304 constabit,
1541 3218 1688 3287 tum
1743 3209 2026 3285 demum
2063 3209 2503 3285 Venerabile
2559 3208 2969 3309 Capitulum
3015 3209 3144 3284 tali

228 3332 642 3427 Privilegio
697 3354 1130 3407 consensum
1185 3356 1390 3407 suum
1448 3331 1668 3423 dabit,
1727 3330 2333 3427 sigillandumque
2387 3329 2751 3406 decernet.

1452 3643 1917 3746 CCXVIII.

225 3856 337 3937 De
395 3856 835 3939 executione
899 3855 1374 3938 statutorum
1434 3855 1517 3937 et
1571 3854 2062 3936 Decretorum
2130 3851 2681 3955 episcopalium.
2724 3852 2945 3936 Anno
3001 3851 3136 3935 Do·
3242 3918 3254 3928 .

902 3978 1062 4060 mini
1122 3977 1310 4061 Ι610.
1368 3976 1494 4058 Die
1547 3974 1746 4058 lovis
1803 3976 1884 4058 13
1941 3975 2224 4059 mensis
2280 3975 2467 4057 maii.

439 4188 556 4263 De
627 4190 1047 4264 executione
1119 4190 1593 4264 Decretorum
1666 4187 2167 4284 capitularium
2239 4194 2312 4263 et
2382 4184 2822 4263 Statutorum
2845 4244 2863 4281 ,
2947 4210 3135 4285 quae

227 4312 651 4407 plerumque
703 4334 836 4408 per
886 4312 1434 4387 Procuratorem
1490 4311 1604 4385 sui
1657 4307 1976 4407 Capituli
2029 4309 2443 4405 negligitur,
2510 4308 2923 4385 Reverendi
2972 4311 3131 4385 Do·
3225 4352 3233 4359 -

227 4434 408 4507 mini
463 4434 938 4528 conferentes,
997 4434 1448 4508 statuendum
1504 4432 1861 4507 duxerunt
1896 4438 1970 4505 et
2005 4438 2435 4507 statuerunt:
2490 4438 2571 4507 ut
2623 4432 2925 4528 quilibet
2974 4433 3129 4507 Do-

227 4556 466 4629 minus
517 4556 952 4631 Procurator
1005 4557 1119 4630 sui
1165 4554 1481 4655 Capituli
1534 4558 1852 4629 Decreta
1889 4562 1961 4629 et
1997 4552 2278 4629 Statuta
2329 4554 2919 4632 Reverendorum
2971 4554 3127 4630 Do·

227 4678 578 4752 minorum
631 4678 1060 4752 authoritate
1117 4678 1525 4775 capitulari,
1579 4676 1723 4775 ipsi
1777 4677 2055 4752 ratione
2110 4677 2331 4751 officii
2386 4684 2862 4775 competente,
2918 4698 3127 4774 prae-

229 4801 472 4873 sertim
527 4799 600 4872 in
653 4799 1038 4874 ordinariis
1083 4808 1154 4874 et
1175 4800 1584 4875 mineribus
1637 4799 1883 4874 causis
1938 4806 2353 4895 exequatur,
2410 4800 2485 4872 in
2522 4800 2915 4874 maioribus
2950 4821 3126 4875 vero

228 4928 300 4995 et
349 4922 811 5017 gravioribus
864 4923 1176 5017 negotiis
1229 4945 1585 4997 consensu
1640 4922 1959 4997 unanimi
2008 4921 2599 4999 Reverendorum
2654 4920 3124 4998 Dominorum

229 5065 356 5117 seu
430 5067 522 5117 ex
582 5044 992 5141 pluralitate
1063 5046 1563 5139 suffragiorum
1637 5044 2093 5143 promulgata
2165 5044 2568 5118 executioni
2638 5043 2797 5118 sine
2868 5043 3123 5140 quavis

229 5164 568 5240 dilatione
622 5173 694 5240 et
745 5166 1208 5241 excusatione
1262 5166 1642 5241 demandet
1695 5168 1829 5243 sub
1884 5189 2117 5265 poena
2170 5166 2562 5243 refusionis
2615 5165 2880 5240 damni.
