4055 6364
1545 778 2074 857 ...sm-..-

343 990 588 1066 miuus
611 1038 620 1045 -
641 988 1107 1065 ducentorum
1141 988 1576 1065 florenorum
1623 988 2195 1084 hungaricalium
2252 990 2503 1086 precio'
2517 1012 2958 1087 appensum,
2990 997 3257 1064 ·tenea·.

357 1120 482 1187 tur-
509 1110 910 1186 Ecclesiae
964 1108 1470 1203 cracoviensi,
1523 1111 1600 1185 in
1653 1112 1798 1185 vim
1855 1112 2201 1186 contracti
2259 1111 2659 1209 spiritualis
2708 1112 3049 1187 foederis·
3077 1113 3256 1187 libe-

347 1233 605 1308 raliter
640 1242 712 1307 et
745 1232 1079 1308 munifice
1118 1234 1398 1327 offerre,
1445 1240 1518 1308 et
1553 1256 1896 1330 sponsam
1954 1255 2157 1307 suam
2211 1230 2770 1308 Oracoviensem
2820 1234 3268 1327 Ecclesiam,-

343 1354 762 1431 huiusmodi
828 1354 1184 1429 adornare
1238 1356 1579 1449 insignio.
1668 1354 1767 1428 Et
1820 1378 1978 1429 cum
2035 1354 2527 1449 legislatorem
2600 1360 2932 1453 oporteat
2980 1357 3053 1447 in
3078 1358 3252 1454 ··pri—

347 1477 497 1551 mis
549 1500 754 1551 suam
808 1477 1052 1574 operis
1105 1477 1363 1551 effectu
1414 1477 1717 1574 implere
1771 1476 2253 1567 sanctionem,
2312 1478 2471 1553 Nos
2525 1476 2788 1553 donum
2842 1479 3267 1571 huiusmodi:

355 1598 663 1675 calicem
719 1597 1060 1673 videlicet
1112 1622 1435 1690 aureum,
1489 1598 1634 1695 ipsi
1687 1595 2161 1673 Cracoviensi
2213 1598 2635 1674 Ecclesiae..
2664 1623 2849 1675 cum.
2880 1601 3073 1675 omni
3100 1601 3253 1699 'huf

347 1720 656 1795 militate
711 1720 1121 1812 obtulimus,
1176 1719 1603 1794 donavimus
1657 1727 1728 1793 et
1779 1720 2234 1811 contulimus,
2291 1729 2370 1796 ut
2413 1721 3266 1797 Praedecessorum'.no·*

351 1850 663 1917 strorum
720 1842 794 1915 in
848 1842 1062 1916 simili
1138 1864 1357 1939 opere
1426 1864 1572 1917 non
1617 1835 1870 1916 'solum
1943 1864 2335 1937 aequemus
2405 1842 2740 1919 virtutem
2752 1874 2807 1931 .>·,·
2848 1843 2999 1937 sed,
3039 1845 3271 1918 etiam*

351 1956 922 2039 successoribus
989 1964 1262 2037 nostris
1332 1962 1821 2059 relinquamus
1871 1962 2331 2038 imitandam„
2405 1963 2713 2058 Inhoare
2766 1965 2953 2040 enim
3001 1966 3267 2063 imple*

347 2086 622 2161 tionem
677 2084 1082 2161 huiusmodi
1132 2085 1324 2181 legis
1376 2110 1508 2183 per
1560 2108 1695 2159 nos
1747 2085 1981 2183 ipsius
2036 2084 2501 2177 conditorem,
2556 2087 2891 2162 volumus
2944 2110 3035 2163 ne
3082 2094 3252 2162 'suc-

347 2208 779 2283 cedentibus
847 2208 1085 2307 possit
1153 2230 1318 2281 esse
1384 2208 1460 2281 in
1515 2207 1760 2303 aliquo
1831 2229 2164 2281 onerosa.
2255 2207 2523 2282 Datum
2598 2207 2999 2283 Oracoviae
3068 2210 3256 2283 feria

345 2330 606 2427 quinta
659 2338 828 2428 post
877 2330 1142 2404 festum
1197 2326 1445 2404 Sancti
1497 2326 1843 2403 Stanislai
1886 2328 1962 2403 in
1998 2327 2220 2422 Maio,
2276 2326 2489 2402 Anno
2544 2330 2811 2404 domini
2864 2330 3269 2405 Millesimo·.

339 2450 1056 2549 quadringentesimo
1110 2450 1707 2548 quinquagesimo
1760 2450 1995 2526 tertio.

1651 2776 1943 2903 XXX.

337 2970 739 3120 statutum
801 2986 994 3089 quod
1049 2985 1428 3070 duodecim
1499 3001 1755 3069 marce
1812 3007 1947 3090 pro
2003 3005 2254 3089 eappa
2306 2988 2390 3068 et
2439 2988 2605 3071 vino
2659 3007 2826 3159 per
2852 2984 3259 3135 quemlibet

1304 3106 1824 3194 ιιιετιιΙΙιιιιιιιιιιι
1881 3108 2293 3252 solvantur.

557 3315 932 3414 Sbigneus
989 3319 1452 3396 miseratione
1523 3321 1794 3396 Divina
1864 3320 2132 3396 Tituli
2176 3317 2488 3395 Sanctae
2558 3251 2859 3395 Priscae
2941 3317 3269 3396 Sanctae·

327 3439 720 3516 Romanae
773 3441 1152 3517 Ecclesiae
1205 3443 1590 3540 presbyter
1642 3441 2091 3518 Cardinalis
2109 3449 2181 3516 et
2231 3442 2647 3541 Episcopus
2709 3441 3245 3518 Oracoviensis.

331 3563 465 3639 Ad
523 3571 942 3662 perpetuam
997 3564 1101 3638 rei
1153 3565 1591 3641 memoriam.
1647 3563 1764 3639 Ad
1793 3563 2259 3659 singularem
2334 3563 3037 3638 commendationem·
3084 3584 3246 3661 pre-

335 3685 742 3760 videntiam
781 3695 853 3759 et
893 3684 1204 3780 laudem,
1259 3686 1453 3761 omni
1506 3685 2067 3785 reprehensione
2105 3694 2180 3760 et
2215 3686 2655 3762 detractione
2706 3686 3249 3784 circumscripta

331 3805 900 3905 retorquendum
950 3815 1083 3900 est,
1141 3807 1208 3882 si
1241 3808 1743 3882 observantiae
1797 3817 1870 3882 et
1923 3807 2468 3882 constitutiones
2518 3817 2823 3900 veteres,
2877 3808 2953 3882 in
2999 3807 3246 3882 condi-

337 3930 613 4005 tionem
669 3936 1189 4003 transmutatae
1241 3929 1628 4022 meliorem,
1700 3928 2003 4005 eundem
2059 3931 2217 4004 fore
2262 3953 2473 4025 quem
2510 3940 2676 4004 ante
2730 3932 3121 4005 observant
3162 3931 3247 4003 ‘iu

335 4051 730 4126 solutionis
785 4059 1087 4146 quaestu
1139 4059 1498 4142 tenorem,
1556 4061 1627 4126 et
1679 4053 1916 4126 minus
1987 4053 2401 4126 necessario
2456 4061 2528 4126 et
2580 4053 2861 4150 privato
2930 4074 3063 4127 usu
3119 4053 3246 4126 ab·

335 4181 630 4267 rogato,
685 4169 1182 4270 providentiae
1237 4171 1562 4248 discursu
1610 4173 2095 4246 inutilitatem
2152 4173 2514 4271 publicam
2558 4182 2631 4247 et
2667 4197 2939 4248 summe
2995 4197 3241 4248 neccs-

338 4295 616 4370 sariam
683 4291 1105 4368 ordinantur
1174 4301 1248 4368 et
1318 4295 1736 4391 profectum.
1831 4291 2019 4368 Sane
2090 4304 2162 4369 et
2204 4296 2278 4369 -si
2300 4343 2305 4348 -
2330 4295 2517 4380 alias
2586 4295 2923 4370 Ecclesia
2999 4305 3245 4370 nostra

337 4415 862 4492 Oracoviensis
895 4438 1050 4512 -pro
1106 4426 1370 4492 statuto
1425 4416 1910 4514 laudabilique
1966 4417 2484 4492 consuetudine
2538 4418 2913 4510 obtineret,
2969 4425 3047 4492 ut
3090 4417 3243 4514 qui-

331 4538 528 4613 libet
580 4537 910 4614 novellus
982 4537 1362 4612 Praelatus
1417 4546 1540 4612 aut
1592 4537 2002 4614 Canonicus
2074 4539 2167 4613 ad·
2222 4533 2640 4634 dignitatem
2664 4596 2683 4634 ,
2756 4548 3242 4639 personatum,

325 4659 658 4736 officium
696 4669 826 4736 aut·
854 4651 1361 4758 praebendam,
1419 4651 1916 4758 quameunque
1965 4661 2409 4754 authoritate,
2452 4653 2891 4759 ¹quacunque
2924 4673 3018 4737 -et
3068 4685 3259 4759 quo-⁵

323 4785 768 4879 tiescunque
819 4783 1251 4876 installatus,
1307 4782 1670 4858 admissus
1723 4791 1796 4856 et
1848 4792 2219 4881 receptus,
2277 4777 2490 4857 etiam
2514 4839 2532 4876 ,
2591 4785 2655 4857 si
2708 4785 2784 4857 in
2837 4782 3259 4858 huiusmodi=

323 4905 718 4998 dignitate,
776 4913 1186 5000 personatu,
1244 4904 1485 4978 officio
1540 4906 1654 4978 vel
1703 4903 2139 5001 praebenda,
2196 4905 2442 5002 plures
2492 4905 2771 4980 habens
2825 4905 3245 5002 competito÷

325 5049 468 5103 res
521 5034 597 5099 et
646 5035 1156 5100 concurrentes
1177 5082 1194 5114 ,
1270 5028 1365 5101 ad
1400 5026 1731 5100 dandum
1786 5019 1919 5124 pro
1975 5025 2236 5100 decore
2289 5025 2669 5101 Ecclesiae
2734 5025 3246 5102 Cracoviensis

324 5147 672 5245 cappam
727 5147 1002 5222 valoris
1055 5149 1264 5223 trium
1321 5172 1740 5240 marcarum,
1800 5157 1873 5223 et
1905 5171 2039 5246 pro
2095 5147 2415 5245 quolibet
2468 5146 2807 5224 Praelato
2862 5158 3257 5248 praesente⁹

325 5277 674 5368 quatuor,
749 5292 883 5366 pro
939 5267 1311 5345 Canonico
1363 5293 1538 5344 vero
1593 5270 1776 5345 duas
1831 5270 1980 5345 vini
2033 5270 2411 5367 hungarici
2482 5272 2671 5345 ollas
2733 5271 3239 5366 stringebatur.

325 5392 540 5484 Quia
591 5401 829 5467 tamen
883 5399 956 5466 et
1007 5389 1308 5491 Cappae
1363 5392 1569 5468 valor
1617 5392 1695 5469 iu
1751 5391 2093 5469 Ecclesia
2150 5401 2295 5468 tam
2350 5393 2651 5468 notabili
2704 5400 2777 5468 et
2826 5393 3096 5488 insigni
3148 5393 3241 5467 ad
