4055 6364
1396 791 1963 868 -2'73—

224 1000 473 1082 Licet
517 1018 555 1064 a
600 999 861 1065 nobis
909 1001 991 1064 et
1048 1000 1387 1065 nostris
1453 999 2332 1084 praedecessoribus,
2385 1000 2569 1083 (Stat.
2619 1000 2812 1083 LXI).

442 1105 655 1170 Prima
699 1105 799 1170 die
845 1104 1183 1170 cuiuslibet
1229 1103 1503 1186 Capituli
1549 1104 1881 1187 generalis,
1932 1105 2049 1169 nisi
2097 1124 2274 1170 mora
2318 1104 2479 1171 foret
2523 1105 2588 1170 in
2635 1105 2934 1188 periculo,
3003 1125 3130 1171 non

239 1208 431 1274 debet
476 1208 649 1273 aliud
694 1207 815 1272 nisi
863 1208 1055 1272 series
1103 1205 1494 1272 Statutorum
1562 1208 1997 1290 capitularium
2063 1210 2175 1273 aut
2219 1228 2434 1274 eorum
2500 1209 2834 1275 summatio
2900 1211 3123 1288 audiri,

223 1311 544 1377 auditores
590 1312 830 1393 grossis
879 1313 1148 1393 quatuor
1190 1307 1544 1394 praemiari,
1614 1311 2056 1376 Procuratores
2105 1311 2417 1395 Capituli,
2483 1314 2534 1377 si
2581 1313 2693 1378 illa
2739 1312 2864 1397 legi
2909 1314 3128 1398 negle-

222 1415 449 1495 xerint,
514 1414 808 1480 omnibus
856 1412 1437 1492 distributionibuS,
1506 1413 1621 1479 sub
1668 1416 1952 1497 tempore
1999 1413 2276 1498 Capituli
2319 1414 2636 1500 generalis
2702 1417 3126 1500 provenienti-

222 1520 363 1596 bus,
415 1517 672 1603 privari.

220 1707 336 1772 Ne
398 1705 969 1791 capitulares
1034 1705 1454 1792 pecunias
1518 1708 1581 1772 et
1638 1703 2092 1772 introitus.
2167 1707 2354 1792 (Stat.
2406 1707 2630 1788 LXII).

429 1811 502 1876 ln
553 1812 787 1892 duplici
832 1811 1123 1896 Capitulo
1171 1813 1471 1894 generali,
1523 1811 1813 1877 videlicet
1858 1811 1919 1876 in
1959 1810 2124 1877 festo
2176 1810 2635 1878 Purificationis
2675 1813 2941 1879 Sanctae
2984 1813 3124 1880 Ma-

218 1915 351 1980 riae
391 1917 458 1980 et
503 1915 715 1981 Sancti
760 1915 1061 1982 Stanislai
1108 1917 1171 1980 in
1216 1916 1410 1998 Maio,
1460 1914 1818 1997 Capitulum
1867 1916 2110 1999 exigere
2158 1935 2194 1980 a
2231 1916 2749 1984 Procuratoribus
2788 1919 2850 1982 et
2893 1919 3125 1985 Procu-

219 2019 467 2084 ratores
512 2020 805 2085 tenentur
850 2038 1001 2084 suae
1049 2019 1533 2103 dispensationis
1579 2021 1781 2084 facere
1828 2019 2152 2084 rationem.
2201 2018 2653 2104 -Suspendendi
2708 2021 2787 2087 ab
2837 2020 3128 2105 ingressu

218 2121 544 2199 ecclesiae,
614 2123 669 2187 si
715 2123 1141 2206 neglexerint3
1210 2123 1267 2188 si
1312 2123 1727 2188 remanserint
1788 2123 1851 2187 in
1902 2123 2111 2206 aliquo
2161 2125 2440 2203 obnoxii,
2509 2124 2751 2190 dabunt
2812 2124 3127 2207 integram

216 2225 717 2291 satisfactionem
762 2227 926 2292 infra
971 2245 1080 2292 sex
1126 2245 1395 2292 menses
1482 2226 1615 2292 Nec
1669 2227 1898 2308 aliquis
1944 2227 2356 2309 interpellans
2404 2245 2518 2310 pro
2567 2225 2892 2293 deficiente
2940 2228 3128 2294 debet

216 2329 447 2395 audiri.
499 2329 853 2395 Modestam
900 2348 1237 2413 expensam
1305 2330 1773 2408 Procuratores,
1844 2332 2132 2413 quotiens
2178 2331 2245 2396 in
2292 2331 2498 2397 officio
2545 2332 2896 2412 transeunt,
2971 2351 3120 2416 pos-

216 2433 371 2500 sunt
416 2433 748 2513 deducere,
800 2435 1041 2500 attenta
1085 2433 1441 2500 conditione
1489 2436 1554 2499 et
1599 2435 1802 2499 status
1848 2434 2174 2516 qualitate.

222 2623 342 2690 Ne
390 2623 807 2689 clenodia
851 2624 927 2689 et
966 2643 1106 2689 res
1151 2623 1636 2689 Ecclesiae.
1698 2622 1881 2709 (Stat.
1927 2623 2184 2708 LXIII).

430 2728 708 2811 Recepta
736 2746 775 2792 a
802 2729 1213 2793 Procuratore
1252 2725 1525 2809 Capituli
1562 2727 1825 2805 ratione,
1877 2729 2140 2794 alteram
2177 2727 2482 2793 rationem
2522 2727 2840 2795 auditores
2876 2731 3120 2815 primae

216 2832 489 2898 rationis
539 2851 577 2897 a
620 2831 1160 2910 Vicecustodibus,
1215 2831 1291 2896 de
1339 2832 1627 2897 omnibus
1676 2831 1860 2896 rebus
1904 2831 2248 2914 Ecclesiae,
2319 2834 2436 2898 sub
2502 2833 2858 2917 praesentia
2921 2832 3120 2899 desti·-

221 2935 348 3002 tuti
399 2937 467 3001 et
508 2935 786 3001 instituti
827 2937 1303 3002 Procuratorum
1352 2934 1623 3018 (exigere
1669 2935 1947 3020 debent).

210 3125 551 3193 Iustum
600 3124 682 3191 et
724 3125 875 3192 tam
921 3123 1251 3191 rationi
1296 3140 1545 3208 quam
1589 3124 2060 3208 aequitati.
2114 3121 2299 3209 (Stat.
2349 3123 2603 3211 LXIV).

435 3230 620 3308 Item,
676 3228 949 3295 Praelati
998 3228 1063 3294 et
1108 3227 1407 3296 Canonici
1454 3226 1899 3295 Cracovienses
1964 3228 2145 3295 missi
2189 3230 2254 3295 in
2304 3232 2571 3315 negotiis
2615 3230 2958 3311 Ecclesiae,
3007 3232 3120 3299 ha-

211 3333 464 3401 bebunt
510 3353 729 3401 omnes
777 3334 1250 3399 distributiones
1297 3333 1691 3416 pecuniarias
1737 3332 2008 3418 interim,
2058 3352 2181 3416 quo
2230 3334 2368 3417 ipsa
2413 3334 2664 3418 negotia
2711 3336 2924 3418 agunt.
2979 3332 3120 3400 Non

212 3439 685 3522 participabunt
746 3438 963 3504 tamen
1028 3438 1105 3503 de
1154 3438 1444 3520 panibuS,
1512 3455 1584 3503 eo
1633 3437 1782 3520 quia
1828 3439 2188 3522 sumptibus
2235 3439 2686 3520 capitularibus
2732 3438 2981 3504 interim
3024 3442 3120 3505 vi·

212 3545 391 3623 vnnt,
442 3542 563 3607 nisi
608 3542 769 3609 forte
814 3544 894 3609 ad
938 3542 1081 3626 loca
1127 3542 1495 3624 propinqua,
1546 3559 1673 3606 non
1718 3540 1950 3623 provisi
1998 3541 2375 3625 sumptibus,
2429 3540 2833 3607 descendant.
2925 3540 2999 3607 In
3045 3558 3120 3609 eo

208 3666 369 3714 casu
413 3646 712 3730 pecunias
760 3664 834 3711 ac
878 3665 1097 3729 panes,
1148 3646 1320 3711 iuxta
1365 3664 1436 3711 ac
1482 3647 1871 3729 praesenteS,
1921 3644 2300 3729 percepturi.

212 3836 267 3903 A
335 3836 891 3921 publicorum
942 3837 1024 3901 et
1069 3834 1643 3901 communium.
1690 3835 1881 3920 (Stat.
1930 3834 2148 3918 LXV).
2265 3864 2273 3871 ·

426 3940 524 4031 ᾼᾶ
573 3939 939 4023 capitularia
1008 3938 1263 4022 negotia
1305 3939 1635 4005 tractanda
1676 3946 1954 4018 vocatus,
2006 3941 2061 4004 si
2107 3938 2443 4007 cracoviae
2490 3942 2652 4025 agit,
2721 3959 2833 4023 per
2883 3940 3115 4007 Procu-

202 4046 513 4121 ratorem,
578 4045 789 4109 venire
850 4043 1213 4126 negligens,
1278 4043 1567 4109 omnibus
1633 4044 2078 4111 refectionibus
2145 4064 2258 4128 per
2323 4046 2634 4131 integram
2699 4045 3118 4128 septimanam

200 4148 516 4233 privatur.
567 4147 631 4213 Si
667 4166 813 4213 vero
856 4150 1105 4212 recusat
1146 4146 1235 4211 ire
1282 4146 1343 4211 in
1392 4146 1662 4232 negotiis
1708 4146 2030 4212 Ecclesiae
2075 4146 2140 4212 in
2189 4166 2594 4232 quaecunque
2642 4148 2798 4226 loca,
2849 4154 2913 4216 et
2959 4168 3116 4215 onus

205 4251 533 4334 suscipere
582 4250 903 4325 detractat,
951 4268 1064 4334 per
1106 4268 1385 4316 mensem
1444 4250 1753 4334 integrum
1804 4249 2090 4316 omnibus
2138 4252 2578 4319 refectionibus
2632 4250 2820 4319 debet
2862 4252 3114 4337 privari.

203 4440 326 4522 Qu
352 4440 633 4506 oniam
681 4459 883 4524 saep
908 4459 942 4505 e
990 4438 1448 4523 contingit.
1501 4440 1686 4522 (Stat.
1737 4440 1993 4525 LXVI).

424 4542 624 4609 Utens
670 4544 895 4625 aliquis
951 4564 1023 4607 ex
1070 4543 1399 4621 Praelatis,
1470 4541 1803 4607 Canonicis
1826 4588 1843 4621 ,
1913 4540 2241 4623 altar-istis,
2310 4546 2585 4625 vicariis,
2653 4544 3118 4627 mansionariis,

204 4646 599 4732 psalteristis
645 4649 709 4712 et
753 4647 895 4712 aliis
940 4645 1325 4713 beneficiatis
1387 4646 1710 4713 Ecclesiae
1776 4646 2205 4713 Cracoviensis
2279 4648 2360 4713 ad
2407 4648 2815 4714 obtinendum
2880 4648 3114 4713 benefi-

202 4751 405 4829 cium,
458 4750 737 4829 domum,
786 4750 999 4815 villam
1043 4751 1143 4816 vel
1192 4749 1465 4832 aliquam
1516 4769 1667 4829 rem,
1721 4770 1795 4815 ex
1840 4752 2097 4816 arbitrio
2145 4750 2420 4835 Capituli
2465 4754 2867 4837 pendentem,
2917 4754 3112 4819 inter-

202 4854 499 4923 cessione
551 4852 815 4938 Regum,
860 4852 1284 4937 Pontificium‚
1330 4854 1685 4936 Principum
1716 4856 1779 4918 et
1816 4872 2328 4938 quarumcunque
2367 4874 2776 4939 personarum
2815 4854 3112 4922 ecclesia·

202 4962 514 5025 sticarum
564 4957 663 5023 vel
708 4958 1143 5037 saecularium,
1223 4958 1410 5023 etiam
1459 4958 1512 5022 si
1558 4959 1926 5023 intercessio
1975 4958 2251 5025 colorem
2298 4960 2509 5026 motus
2573 4958 2812 5043 proprii
2857 4958 3112 5043 habeat,

200 5062 509 5129 inhabilis
556 5062 849 5127 censetur
893 5060 974 5125 ad
1018 5078 1152 5125 rem
1198 5060 1401 5144 ipsam
1448 5079 1561 5145 pro
1611 5078 1685 5126 eo
1732 5064 2015 5145 tempore
2062 5064 2486 5131 obtinendam.
2537 5084 2540 5087 ·
2977 5082 2984 5089 ·

204 5248 745 5317 sanctuarii.
790 5248 981 5331 (Stat.
1028 5212 1369 5335 LXV11).’

418 5351 773 5419 Sanctuarii
816 5371 930 5437 pro
976 5354 1165 5437 pulsu
1212 5372 1653 5437 campanarum
1700 5355 1766 5421 in
1812 5356 1989 5423 obitu
2040 5357 2332 5438 Praelati‚
2385 5356 2710 5437 Canonici,
2761 5358 3103 5439 citaristae,

2714 5460 2802 5528 35
