4055 6364
2088 742 2604 820 -58-

897 959 1420 1056 Apostolieam,
1477 979 1618 1031 non
1661 955 1944 1049 vulgari
1999 977 2221 1052 opera
2276 963 2347 1028 et
2384 955 2710 1052 impensa
2763 962 3033 1044 nostra,
3087 961 3165 1026 ut
3201 954 3803 1048 quemadmodum

889 1081 964 1154 in
1022 1079 1387 1178 plerisque
1443 1077 1608 1152 aliis
1655 1076 1941 1170 Regnis
1996 1077 2153 1150 fieri
2210 1077 2433 1168 solet,
2500 1076 2601 1149 ita
2656 1076 2866 1149 etiam
2941 1077 3015 1148 in
3087 1083 3365 1168 nostr03
3440 1097 3580 1148 non
3654 1075 3801 1148 nisi

890 1227 1161 1298 genere
1237 1202 1540 1276 Nobiles
1606 1209 1678 1274 et
1727 1199 2054 1294 insignes
2127 1197 2285 1272 Viri
2358 1198 2447 1273 ad
2522 1198 2899 1271 Ecclesias
2972 1195 3447 1271 C'athedrales
3518 1197 3799 1295 recipe-

895 1334 1160 1416 rentur,
1218 1324 1497 1420 hoeque
1553 1330 1954 1419 opportuno
2010 1321 2329 1395 remedio
2384 1319 2719 1410 firmitati,
2780 1327 2851 1392 et
2905 1319 3185 1393 tuitioni
3238 1317 3519 1392 Jurium
3559 1329 3627 1392 et
3661 1319 3799 1392 bo-

897 1471 1145 1521 norum
1203 1445 1924 1536 Ecclesiastieorum,
2002 1466 2139 1539 que
2199 1443 2615 1539 plerumque
2690 1441 2904 1537 eulpa
2975 1450 3403 1536 temporum,
3479 1449 3551 1514 et
3622 1441 3800 1514 vitio

892 1569 1230 1643 mentium
1285 1567 1755 1640 humanarum
1812 1565 2119 1662 opprimi
2178 1573 2249 1636 et
2302 1563 2629 1637 labefieri
2684 1563 2957 1655 solent,
3015 1562 3533 1658 provideretur,
3610 1563 3799 1637 obti-

897 1692 1322 1786 nuimusque
1377 1690 1471 1763 ab
1523 1689 1722 1762 illius
1777 1683 2173 1760 Sanctitate
2227 1687 2347 1776 ita,
2409 1693 2481 1758 ut
2519 1692 2673 1757 erat
2709 1685 2857 1757 voti
2894 1683 3146 1757 Nostri
3184 1683 3523 1757 Nostram
3561 1685 3799 1780 ipsam

894 1811 1498 1886 Constitutionem
1570 1809 2007 1902 singularem
2068 1817 2139 1880 et
2192 1807 2606 1882 solemnem.
2702 1805 2927 1881 Cuius
3001 1814 3207 1880 tenor
3276 1804 3395 1878 hic
3452 1813 3598 1898 est,
3674 1805 3802 1900 qui

899 1933 1248 2028 sequitur.
1334 1931 1489 2004 Leo
1543 1930 1978 2027 Episcopus,
2040 1927 2309 2003 Servus
2364 1925 2747 2003 Servorum
2804 1928 2969 2000 Dei.
3052 1927 3167 2000 Ad
3222 1936 3636 2024 perpetuam
3695 1927 3805 2000 rei

896 2054 1331 2130 memoriam.
1428 2051 1794 2127 Creditam
1849 2052 2084 2126 Nobis
2142 2051 2454 2147 desuper
2508 2050 2911 2144 regendae,
2971 2051 3341 2124 militantis
3393 2049 3799 2140 Ecclesiae,

900 2175 1424 2274 providentiam
1465 2175 1850 2248 salubriter
1887 2175 2168 2268 exequi,
2227 2173 2697 2247 coadiuvante
2738 2173 3073 2262 Domino,
3130 2173 3524 2270 cupientes,
3582 2171 3671 2244 ad
3712 2194 3803 2243 ea

898 2298 1206 2372 libenter
1258 2297 1732 2390 intendimus,
1813 2320 1944 2393 per
1999 2319 2183 2391 quae
2240 2296 2571 2389 singulae
2628 2295 2826 2369 orbis
2882 2295 3299 2382 Ecclesiae,
3377 2294 3801 2390 praesertim

899 2419 1529 2515 Metropolitanae,
1589 2427 1661 2492 et
1698 2419 1884 2492 aliae
1925 2417 2404 2492 Oatbedrales
2456 2417 2784 2511 insignes
2822 2427 2891 2491 et
2925 2417 3270 2506 famosae,
3332 2438 3799 2512 personarum

897 2541 1174 2615 utilium
1231 2541 1479 2615 fulcite
1535 2541 1958 2637 praesidiis,
2019 2551 2093 2614 et
2148 2541 2300 2614 suis
2354 2540 2788 2631 honoribus,
2865 2540 3141 2613 iuribus
3196 2549 3268 2612 et
3322 2537 3534 2612 bonis
3588 2560 3797 2634 prae·

899 2669 1296 2755 serventur,
1355 2670 1428 2736 et
1481 2661 1572 2736 ad
1625 2660 1917 2736 laudem
1973 2670 2044 2736 et
2096 2662 2403 2756 gloriam
2462 2660 2995 2759 Omnipotentis
3051 2660 3212 2751 Dei,
3254 2660 3345 2733 ‘in
3401 2658 3798 2756 spirituali-

899 2785 1036 2858 bus
1090 2791 1162 2857 et
1214 2783 1736 2880 temporalibus
1790 2783 2055 2860 votivis
2129 2784 2512 2880 proficiant
2584 2783 3068 2858 incrementis.
3143 2780 3333 2856 Sane
3406 2789 3540 2879 ‘pro
3596 2789 3801 2878 parte

901 2904 1308 2980 charissimi
1340 2905 1414 2978 in
1456 2903 1749 2979 Christo
1797 2905 1930 2979 filii
1967 2905 2216 2998 nostri,
2275 2903 2718 2999 Sigismundi
2776 2904 3123 2979 Poloniae
3178 2903 3408 2997 Regis
3462 2903 3799 2992 Hlustris,

900 3027 1113 3102 nobis
1194 3050 1423 3123 nuper
1495 3027 1812 3100 exhibita
1883 3028 2135 3124 petitio
2213 3028 2663 3101 continebat:
2738 3025 2927 3123 quod
3000 3026 3171 3098 licet
3244 3024 3803 3122 Metropolitana

903 3147 1362 3225 Gncsnensis
1410 3157 1480 3223 et
1514 3148 1712 3223 illius
1769 3146 2304 3245 Suffraganeae‚
2366 3149 2907 3238 OraeoviensiS,
2967 3148 3603 3237 Vladislaviensis,
3661 3146 3802 3220 Po·

909 3273 1323 3347 snaniensis
1398 3281 1468 3346 et
1519 3271 1899 3346 Plocensis
1965 3272 2389 3365 Ecclesiae,
2463 3273 2647 3345 inter
2723 3284 3047 3345 caeteras
3118 3270 3494 3343 Ecclesias
3564 3269 3807 3364 Regni

903 3393 1250 3469 Poloniae
1305 3395 1449 3469 sint
1502 3394 1883 3469 admodum
1955 3396 2322 3490 insignes,
2396 3420 2483 3469 ac
2557 3421 2687 3492 per
2743 3397 2983 3488 Reges
3056 3394 3402 3468 Poloniae
3474 3401 3547 3466 et
3618 3393 3806 3466 alios

905 3510 1320 3613 Principes,
1397 3516 1720 3591 Batones
1776 3525 1847 3590 et
1903 3516 2208 3591 Nobiles
2264 3516 2437 3591 dieti
2508 3518 2779 3610 Regni,
2840 3516 3275 3590 notabilibus
3326 3515 3679 3589 reditibus
3734 3524 3809 3588 et

904 3640 1372 3736 proventibus
1447 3640 1824 3736 opulenter
1876 3640 2162 3713 dotatae
2217 3641 2517 3714 fuerint:
2594 3639 3054 3712 nihilominus
3127 3662 3282 3711 eum
3340 3638 3433 3710 ad
3488 3634 3805 3711 Canoni-

906 3769 1109 3835 catus
1165 3769 1236 3834 et
1287 3760 1758 3836 Praebendas
1812 3786 1900 3834 ac
1955 3762 2385 3855 dignitates,
2446 3771 2914 3859 personatus,
2975 3761 3631 3835 administrationes
3686 3762 3809 3835 vel

905 3882 1146 3956 officia
1217 3883 1536 3980 ipsarum
1612 3880 2071 3958 Gnesnensis
2127 3893 2197 3958 et
2252 3883 2877 3979 Suffraganearum
2952 3883 3443 3957 Ecclesiarum
3470 3938 3487 3969 ,
3571 3882 3811 3956 minus

905 4004 1212 4098 nobiles,
1266 4014 1335 4077 et
1369 4004 1557 4078 aliae
1595 4028 1948 4101 personae
1988 4014 2358 4101 parentum
2416 4007 2705 4081 auxiliis
2762 4014 3115 4101 carentes,
3174 4030 3261 4079 ac
3312 4005 3469 4079 iura
3508 4012 3579 4077 et
3616 4005 3812 4079 bona

907 4125 1291 4198 earundem
1367 4124 1861 4200 Ecclesiarum
1934 4126 2331 4201 infidelium
2406 4140 2477 4202 et
2550 4126 3184 4202 Schismatieorum
3256 4127 3467 4200 bonis
3544 4124 3809 4199 cohae-

905 4250 1177 4341 rentia,
1235 4256 1309 4321 et
1359 4249 1783 4344 praesertim
1857 4248 2022 4322 dum
2098 4251 2361 4325 milites
2417 4259 2487 4324 et
2540 4252 2663 4325 alii
2720 4250 3099 4343 armigeri,
3174 4272 3307 4345 pro
3385 4248 3811 4323 defensione

908 4370 1081 4445 dicti
1133 4369 1403 4464 Regni,
1481 4379 1729 4444 contra
1804 4371 2167 4468 praefatos
2238 4373 2571 4446 infideles
2647 4384 2715 4446 et
2788 4371 3342 4463 schismaticos,
3425 4369 3546 4443 vel
3620 4370 3815 4445 alios

909 4493 1228 4567 eiusdem
1287 4490 1526 4586 Regni
1580 4500 1652 4566 et
1708 4494 2231 4567 Dominiorium
2288 4496 2519 4592 ipsius
2576 4492 3020 4588 Sigismundi
3090 4473 3319 4587 Regis
3370 4492 3620 4567 hostes
3676 4518 3811 4589 pu-

907 4616 1216 4708 gnaturi,
1276 4637 1406 4709 per
1460 4613 1748 4711 oppida,
1823 4616 2037 4690 villas
2094 4626 2163 4689 et
2208 4617 2352 4689 alia
2405 4617 2570 4689 loca
2626 4626 2697 4689 et
2752 4617 2940 4689 bona
2996 4612 3379 4688 earundem
3436 4614 3810 4688 Ecclesia-

911 4761 1090 4827 rum,
1147 4744 1520 4810 transeunt
1571 4736 1923 4812 adversus
1980 4738 2271 4813 eosdem
2328 4738 2593 4812 milites
2649 4748 2718 4811 et
2763 4739 3182 4832 armigeros,
3240 4759 3326 4809 ac
3382 4736 3593 4810 etiam
3650 4736 3813 4811 infi-

911 4857 1114 4932 deles
1171 4865 1242 4930 et
1295 4854 1812 4932 Schismaticos
1868 4862 2051 4933 tueri
2108 4871 2179 4933 et
2233 4858 2620 4932 defendere
2678 4882 2816 4932 non
2876 4860 3236 4951 valentes,
3298 4882 3815 4954 nonnunquam

909 4978 1410 5053 admittantur:
1502 4978 1686 5053 Jura
1741 4990 1812 5054 et
1873 4983 2057 5054 bona
2127 4981 2499 5079 praedicta
2571 4982 2641 5053 in
2701 4980 2858 5053 dies
2935 5006 3061 5077 per
3132 4981 3336 5078 ipsos
3408 4981 3814 5075 armigeros

911 5102 1360 5199 diripiuntur,
1438 5100 1904 5176 devastantur
1975 5112 2047 5177 et
2112 5104 2616 5191 annihilantur,
2694 5128 2781 5176 ac
2856 5104 3284 5199 quandoque
3356 5125 3498 5177 non
3574 5104 3813 5177 solum

911 5248 1042 5321 per
1096 5224 1426 5299 infideles
1464 5230 1536 5298 et
1571 5222 2107 5315 SchismaticOS,
2167 5224 2471 5299 Sanctae
2532 5226 2898 5299 Romanae
2954 5224 3336 5299 Ecclesiae
3388 5223 3815 5299 inobedien-

911 5355 1022 5421 tes
1075 5370 1163 5420 ac
1215 5346 1402 5420 alios
1473 5346 1722 5421 hostes
1794 5348 2247 5444 praedictos,
2324 5371 2569 5422 verum
2644 5348 2855 5421 etiam
2920 5372 3051 5444 per
3106 5347 3429 5422 Barones
3500 5356 3569 5421 et
3620 5348 3815 5426 alios
