4055 6364
2141 740 2654 817 ...96—

956 954 1149 1033 Anni
1192 955 1473 1053 gratiae
1512 954 1795 1029 censeri
1834 952 2117 1049 debeat,
2157 950 2568 1029 Reverendi
2604 948 2900 1025 Domini
2937 944 3344 1044 Capitulum
3352 1002 3476 1021 .....
3519 942 3870 1035 Quando-

962 1078 1249 1177 quidem
1305 1079 1506 1154 nulla
1541 1075 1806 1152 Statuti
1841 1074 2156 1174 desuper
2193 1074 2365 1151 editi
2404 1070 2904 1148 determinatio
2955 1092 3257 1166 usquam
3309 1068 3686 1161 habeatur,
3748 1067 3871 1141 de-

962 1201 1425 1275 clarationem
1472 1201 1714 1274 facere
1768 1196 2118 1291 volentes,
2177 1196 2270 1271 ad
2325 1219 2484 1271 eum
2538 1192 2827 1269 modum
2881 1189 3466 1266 concludendum
3507 1214 3676 1265 esse
3734 1212 3867 1287 pu·

960 1330 1293 1397 taverunt
1359 1330 1430 1396 et
1485 1322 1957 1397 uniformibus
2033 1318 2410 1395 sententiis
2484 1317 3030 1392 concluserunt:
3104 1322 3184 1387 ut
3233 1313 3308 1387 in
3361 1312 3586 1387 Villis
3655 1334 3867 1409 prae·

962 1445 1513 1534 stimonialibus,
1572 1443 1873 1518 Brzezie
1929 1442 2292 1534 videlicet,
2351 1438 2772 1533 GrebaIOW‚
2830 1436 3130 1536 Wasow
3167 1444 3240 1509 et
3275 1435 3440 1510 aliis
3493 1434 3567 1508 id
3605 1457 3863 1529 genus,

958 1570 1034 1642 in
1088 1569 1349 1663 quibus
1401 1567 1753 1640 Decimae
1808 1574 1953 1641 tam
2010 1588 2102 1639 ex
2155 1562 2476 1661 praedic,
2536 1585 2748 1659 quam
2806 1583 2895 1634 ex
2959 1559 3160 1653 agris
3213 1558 3654 1649 colonorum,
3714 1557 3866 1630 Do-

959 1689 1152 1763 mino
1204 1687 1516 1783 Regenti
1571 1688 1831 1761 cedere
1868 1695 1940 1761 et
1976 1686 2134 1761 dari
2189 1690 2718 1760 consueverunt
2770 1705 2862 1756 ex
2915 1682 3118 1776 agris
3170 1679 3660 1778 praedialibus
3713 1680 3864 1753 De-

961 1812 1188 1885 cimae
1244 1834 1404 1885 cum
1461 1810 1861 1885 crescentia
1930 1808 2282 1906 praediali
2337 1815 2787 1883 censeantur.
2883 1804 3232 1879 Decimae
3285 1826 3462 1879 vero
3515 1828 3605 1877 ex
3661 1805 3863 1898 agris

962 1935 1379 2008 colonorum
1444 1941 1516 2006 et
1586 1932 2110 2006 cmetonalibus
2181 1937 2684 2005 excrescentes
2757 1928 3017 2003 cadere
3091 1927 3402 2003 debeant
3472 1926 3862 2002 secundum

962 2055 1077 2131 ius
1130 2077 1525 2145 commune,
1583 2055 1717 2129 snb
1754 2052 2039 2127 Annum
2095 2052 2374 2147 gratiae
2426 2052 2628 2127 iuxta
2680 2050 3038 2125 Mensinm
3094 2049 3287 2124 Anni
3343 2048 3860 2124 ordinationem

960 2178 1034 2251 in
1092 2173 1392 2251 Statutis
1446 2174 2031 2250 Provincialibus
2085 2182 2510 2248 contentam.

2255 2486 2566 2588 CXVI.

1112 2695 1519 2780 seminatio
1574 2696 1862 2779 tantum
1919 2694 2311 2777 veteribus
2367 2694 2576 2795 auris
2633 2693 2951 2776 debetur
3007 2694 3074 2777 in
3129 2695 3718 2783 praestimoniis.
3803 2776 3818 2789 .

1170 2906 1351 2983 Cum
1389 2908 1482 2982 de
1520 2907 1991 2983 seminatione
2046 2907 2415 3005 praesenti
2465 2905 2754 2981 hiemali
2804 2929 3138 3001 agrorum
3192 2908 3660 3004 praedialium
3698 2910 3851 2985 Vil-

959 3031 1077 3105 lae
1148 3030 1394 3105 Borek
1472 3029 2086 3129 praestimonialis
2169 3037 2330 3107 orta
2408 3029 2668 3105 fuisset
2749 3028 3103 3125 quaedam
3175 3030 3604 3128 disceptatio
3674 3035 3855 3107 inter

963 3152 1437 3229 Reverendos
1505 3152 1861 3230 Dominos
1932 3150 2320 3229 Stiborium
2394 3151 2897 3252 Krzykowski
2971 3151 3388 3231 modernum
3456 3150 3538 3230 in'
3609 3156 3852 3232 eadem

962 3275 1165 3352 Villa
1215 3275 1462 3351 Borek
1496 3275 1921 3372 Regentem,
1962 3284 2033 3350 et
2069 3275 2456 3351 Martinum
2495 3272 2917 3373 Zydowski‚
2974 3273 3387 3353 Canonicos
3423 3276 3850 3354 Oracovien-

966 3423 1123 3489 ses,
1180 3399 1488 3496 priorem
1546 3399 1758 3472 etiam
1815 3399 2138 3474 eiusdem
2190 3397 2437 3474 Borek
2492 3397 3046 3494 Possessorem,
3104 3398 3514 3475 Reverendi
3565 3401 3852 3476 Domini

962 3521 1229 3596 auditis
1282 3522 1651 3618 utriusque
1688 3522 1914 3620 partis
1952 3521 2515 3616 allegationibus
2553 3529 2624 3596 et
2657 3521 3052 3617 responsis,
3092 3520 3585 3617 decreverunt,
3623 3524 3846 3623 ipsum

965 3644 1351 3718 Dominum
1407 3643 1804 3742 Zydowski
1873 3643 2151 3718 ratione
2207 3643 2687 3734 crescentiae,
2763 3666 2976 3739 quam
3030 3645 3296 3720 ibidem
3367 3655 3643 3722 aestate
3697 3668 3848 3745 pro-

962 3767 1154 3840 xime
1225 3767 1611 3864 praeterita
1670 3766 2078 3841 universam
2155 3767 2476 3865 percepit
2546 3789 2640 3839 ex
2707 3766 3224 3842 consuetudine
3294 3769 3521 3843 veteri
3573 3776 3649 3843 et
3701 3767 3848 3843 Sta-

964 3888 1097 3964 tuti
1151 3889 1460 3986 desuper
1513 3888 1687 3963 editi
1722 3888 2220 3986 dispositione,
2278 3887 2366 3962 ad
2408 3911 2745 3983 agrorum
2800 3889 3268 3987 praedialium
3325 3898 3644 3966 veterum
3683 3893 3847 3966 dun-

963 4019 1183 4106 taxat,
1241 4035 1380 4087 non
1420 4021 1655 4087 autem
1710 4012 2072 4086 novalium
2130 4012 2809 4087 conseminationem
2864 4011 3116 4087 teneri.
3169 4012 3424 4110 Itaque
3469 4036 3609 4087 nou
3659 4013 3847 4111 quin-

966 4134 1309 4230 quaginta
1360 4158 1595 4232 neque
1650 4134 2110 4231 septuaginta
2165 4143 2450 4209 coretos
2513 4135 2825 4230 siliginis
2879 4135 2972 4208 ad
3024 4159 3184 4212 eum
3239 4159 3444 4210 usum
3500 4137 3845 4233 reliquen-

968 4257 1123 4349 dos,
1181 4255 1308 4331 scd
1364 4263 1469 4331 tot
1522 4263 1694 4353 quot
1735 4256 2018 4351 fuerint,
2075 4256 2168 4331 ad
2207 4265 2731 4354 praetactorum
2785 4280 3124 4352 agrorum
3179 4265 3498 4332 veterum
3553 4257 3845 4332 semina·

966 4380 1228 4453 tionem
1282 4378 1746 4473 sufficientes,
1808 4380 2089 4455 dandos
2141 4388 2214 4453 et
2266 4379 2743 4476 praestandos
2798 4378 3335 4474 mandaverunt,
3393 4387 3466 4455 et
3509 4389 3588 4455 ut
3622 4387 3847 4454 certus

968 4507 1213 4576 custos
1265 4501 1420 4576 eius
1476 4501 1969 4578 seminationis
2022 4501 2266 4577 debito
2322 4500 2535 4577 modo
2590 4502 2965 4576 faciendae
3018 4500 3234 4576 isthic
3289 4525 3421 4602 per
3473 4502 3844 4578 Dominum

965 4623 1363 4722 Zydowski
1417 4625 1907 4719 constituatur,
1963 4632 2486 4699 consenserunt
2539 4632 2612 4699 et
2663 4624 3191 4700 concluserunt.
