4055 6364
1422 686 1991 762 ——275—

239 895 655 976 vicariorum,
728 897 841 962 aut
909 913 1419 980 quarumcunque
1490 893 2056 961 ecclesiasticarum
2120 897 2220 962 vel
2266 894 2680 962 saecularium
2727 913 3156 978 personarum,

240 1000 487 1083 absque
560 999 819 1083 speciali
891 1018 1201 1067 consensu
1262 998 1580 1083 Episcopi,
1658 1002 1767 1064 aut
1829 999 1963 1065 eius
2020 1001 2273 1079 Vicarii,
2343 1017 2416 1065 ac
2468 998 2666 1064 totius
2731 996 3026 1084 Capituli,
3088 999 3159 1063 in

242 1103 538 1170 Ecclesia
584 1104 929 1187 sepeliatur
974 1102 1391 1172 Cracoviensi.

1502 1328 1914 1336 ᾐ-

1304 1623 2095 1724 STATUTUM

238 1831 325 1900 de
373 1829 818 1916 suscipiendis
866 1828 937 1898 et
984 1829 1386 1915 exequendis
1442 1829 1657 1898 literis
1695 1829 1766 1898 et
1802 1829 2232 1916 processibus
2280 1845 2798 1915 quorumcunque
2846 1828 3146 1900 iudicum.

537 1987 658 2072 (Ex
706 1985 975 2052 Statutis
1022 1988 1431 2072 synodalibus
1477 1987 1755 2054 Thomas
1804 1987 2196 2074 Strzepinski
2239 1988 2358 2071 Ep.
2409 1984 2584 2054 Grac.
2639 1987 2854 2072 1459).

452 2197 537 2260 Et
598 2196 891 2278 quoniam
965 2196 1279 2262 interdum
1354 2215 1682 2281 processus
1760 2196 2044 2262 Indicum
2092 2196 2168 2262 de
2215 2193 2402 2260 Curia
2463 2196 2747 2261 Romana
2793 2194 2856 2260 et
2900 2193 3148 2260 aliunde

228 2301 502 2366 veniunt
546 2300 623 2364 de
658 2299 936 2365 falsitate
983 2301 1285 2382 suspecti,
1332 2300 1547 2383 vigore
1596 2318 1860 2382 quorum
1908 2301 2273 2366 innocentes
2319 2301 2390 2364 ut
2432 2300 2792 2382 frequenter
2826 2300 3145 2383 vexantur,

228 2404 333 2469 his
382 2403 600 2486 itaque
664 2402 1048 2486 providendo
1122 2405 1497 2482 statuimus,
1576 2404 1745 2486 quod
1806 2404 2018 2468 nullus
2085 2403 2370 2486 clericus,
2439 2404 2862 2487 cuiuscunque
2909 2401 3146 2467 ordinis

231 2509 347 2572 aut
396 2506 623 2585 statue,
695 2525 807 2572 seu
853 2508 1043 2572 etiam
1088 2507 1367 2586 tabellio,
1430 2508 1661 2572 audeat
1722 2507 1934 2590 petere
1978 2506 2079 2571 vel
2123 2525 2238 2588 per
2282 2526 2348 2571 se
2397 2506 2615 2590 exequi
2680 2507 2951 2589 aliquem
2998 2525 3144 2589 pro-

240 2629 524 2688 cessum,
594 2610 675 2677 ab
724 2611 933 2693 aliquo
979 2611 1190 2676 Iudice
1256 2613 1428 2676 extra
1474 2611 1750 2676 nostram
1796 2610 2154 2676 Dioecesim
2200 2610 2520 2691 emissum,
2588 2612 2690 2676 vel
2733 2610 3148 2676 instrumenta

228 2715 495 2798 publica
543 2714 763 2780 exinde
810 2715 1134 2794 conficere,
1196 2716 1318 2781 nisi
1356 2715 1531 2799 prius
1574 2714 1794 2792 Nobis,
1838 2716 1947 2778 aut
1981 2715 2232 2780 Vicario
2272 2714 2336 2779 et
2381 2713 2670 2798 Capitulo
2718 2714 2946 2779 nostris
2993 2711 3142 2778 Cra-

230 2819 662 2898 coviensibuS,
712 2819 902 2884 fuerit
945 2819 1302 2885 huiusmodi
1350 2836 1681 2902 processus
1729 2818 2062 2897 exhibitae,
2115 2836 2237 2900 quo
2275 2817 2408 2884 viso
2451 2820 2514 2883 et
2547 2819 2792 2896 relicto,
2844 2817 3144 2902 copiaque

228 2923 451 3006 ipsius
498 2922 853 2988 auscultata
898 2923 1119 3001 Nobis,
1171 2923 1280 2988 aut
1314 2923 1561 2988 Vicario
1610 2923 1675 2988 et
1720 2920 2008 3004 Capitulo
2058 2921 2288 2987 nostris
2334 2922 2500 3002 data,
2551 2940 2623 2987 ac
2665 2923 2802 3006 ipso
2848 2941 3147 3005 processu

228 3045 351 3111 per
402 3025 723 3092 notarium
770 3025 1043 3110 Capituli
1108 3026 1183 3091 de
1231 3029 1292 3092 et
1339 3045 1526 3110 super
1572 3025 1855 3090 eiusdem
1919 3025 2300 3090 admissione
2364 3026 2610 3111 signato
2655 3028 2721 3092 et
2765 3027 3136 3109 subscripto.

227 3131 433 3198 Secus
498 3130 798 3195 facientes
856 3134 1235 3209 executores,
1307 3133 1551 3214 praeter
1596 3130 1977 3195 sententiam
2045 3129 2728 3209 excommunicationis,
2797 3148 2987 3213 quam
3033 3147 3141 3197 eos

228 3236 561 3300 incurrere
623 3234 911 3300 volumus
982 3236 1121 3319 ipso
1187 3235 1377 3310 facto,
1452 3235 1893 3316 notariusque,
1972 3234 2180 3298 soluta
2251 3253 2460 3317 poena
2529 3235 2719 3299 trium
2789 3252 3140 3300 marcarum

232 3337 475 3405 amodo
519 3338 798 3423 privetur
840 3339 1289 3406 tabellionatus
1335 3339 1562 3406 officio.
