4055 6364
1394 750 1978 828 -169—

218 965 654 1040 refectiones
704 963 990 1038 habeat.
1050 959 1130 1037 Si
1183 969 1419 1037 autem
1475 963 1591 1038 die
1649 963 2033 1038 Dominico
2088 984 2233 1036 non
2288 961 2572 1036 venerit
2625 960 2990 1057 quispiam
3046 958 3143 1034 ad

221 1086 654 1182 Ecclesiam,
709 1109 945 1182 neque
999 1107 1246 1182 panes,
1305 1109 1538 1183 neque
1590 1086 2023 1160 refectiones
2075 1085 2393 1179 habebit,
2451 1083 2690 1158 donec
2744 1083 2819 1156 in
2876 1081 3139 1158 Eccle-

225 1211 408 1285 siam
457 1207 812 1283 veniendo
858 1208 1341 1306 praesentiam
1387 1231 1589 1282 suam
1635 1207 2095 1282 Procurator-i
2147 1205 2736 1280 manifestaverit.
2794 1201 3142 1280 Similiter

228 1332 328 1412 de.
375 1329 716 1429 Capitulo
789 1329 1154 1405 ordinario
1225 1330 1812 1424 intelligendum,
1871 1331 1937 1405 si
1992 1329 2157 1426 quis
2220 1328 2313 1402 ad
2367 1327 2548 1404 illud
2620 1351 2766 1402 non
2835 1327 3137 1421 venerit,

225 1477 460 1551 neque
515 1476 780 1552 panes,
839 1475 1072 1548 neque
1145 1453 1576 1527 refectiones
1649 1453 2040 1550 percipiat,
2119 1450 2349 1525 donec
2402 1449 2496 1524 ad
2548 1448 2962 1524 Ecclesiam
3015 1473 3139 1524 ve-

223 1575 491 1653 niendo
543 1575 1027 1674 praesentiam
1086 1598 1288 1649 suam
1341 1576 1928 1650 manifestaverit.
1985 1576 2105 1648 De
2152 1573 2397 1649 Festis
2450 1573 2687 1646 autem
2738 1570 2995 1647 diebus
3030 1571 3138 1646 in-

227 1709 336 1774 ter
386 1697 848 1773 Dominicam
907 1705 978 1772 et
1032 1696 1441 1796 Capitulum
1499 1698 2075 1790 occurrentibus,
2131 1694 2405 1794 placuit
2457 1693 2787 1769 omnibus
2812 1751 2830 1786 ,
2890 1700 2965 1768 ut
3018 1694 3141 1790 qui

222 1821 314 1897 ad
369 1821 674 1896 Festum
729 1820 1080 1894 eiusmodi
1133 1843 1275 1894 non
1331 1820 1628 1910 venerit,
1686 1818 1877 1916 quod
1931 1819 2131 1894 illins
2185 1815 2672 1892 tantummodo
2711 1815 2855 1890 diei
2894 1815 3137 1891 distri-

223 1944 646 2020 butionibus
701 1950 774 2017 et
807 1942 1118 2040 panibus
1172 1943 1530 2040 privetur3
1587 1964 1820 2038 neque
1876 1963 2006 2039 pro
2044 1939 2399 2037 Vesperis
2453 1961 2700 2014 eorum
2750 1938 3137 2014 Festorum

223 2067 607 2162 neglectis,
658 2065 968 2163 panibus
1011 2065 1353 2162 privetur,
1412 2065 1734 2163 exceptis
1791 2063 2039 2138 Festis
2083 2051 2624 2162 Assumptionis
2672 2070 2744 2136 et
2780 2061 2851 2138 N
2854 2061 3136 2136 ativita-

221 2189 318 2264 tis
371 2188 850 2263 Beatissimae
905 2186 1186 2261 Mariae
1242 2186 1599 2280 Virginis.
1777 2179 1788 2189 ’

1582 2497 1777 2599 CCI.

225 2709 600 2794 Quomodo
656 2708 838 2791 sunt
892 2706 1227 2808 puniendi
1287 2705 1780 2806 neuliuentes,
1830 2724 1968 2787 non
2009 2703 2504 2805 adimplentes
2561 2703 3028 2788 conditiones
3066 2704 3133 2786 in

293 2832 498 2915 Villis
554 2832 634 2911 et
689 2830 1054 2912 Domibus.
1115 2829 1322 2910 Anno
1381 2826 1596 2909 1605.
1656 2827 1783 2908 nie
1842 2824 2162 2909 sabbati
2218 2826 2269 2908 5
2327 2825 2610 2909 mensis
2666 2825 3066 2909 Februarii.

436 3043 1111 3118 Animadvertentes
1144 3039 1557 3114 Reverendi
1592 3038 1888 3113 Domini
1925 3037 2383 3135 Capitulares
2429 3037 2921 3114 desolationes
2955 3059 3132 3113 non-

225 3167 581 3242 nullorum
638 3163 1309 3264 praestimoniorum
1348 3168 1422 3237 et
1456 3162 1854 3237 Domorum
1906 3161 2322 3257 frequenter
2372 3160 2541 3237 inde
2595 3161 2907 3257 evenire,
2965 3159 3135 3257 quia

223 3289 451 3385 aliqui
488 3288 960 3362 Dominorum
996 3288 1070 3361 in
1112 3285 1335 3360 Curia
1369 3285 1606 3379 Regia
1649 3282 2126 3381 Reipublicae
2162 3285 2477 3359 servitiis
2513 3284 2867 3381 occupati,
2924 3306 3131 3381 prae-

223 3411 563 3485 stimonio
593 3417 666 3483 et
689 3412 928 3484 Domo
968 3410 1302 3503 obtentis,
1340 3408 1415 3481 in
1445 3408 1595 3481 illis
1643 3407 2094 3482 conditiones
2121 3408 2500 3503 impositas
2535 3428 2678 3481 non
2706 3405 3131 3503 adimplent3

223 3534 486 3631 quibus
537 3533 778 3628 itaque
830 3533 904 3606 in
958 3539 1324 3628 posterum
1378 3530 1797 3626 prospicere
1834 3536 1906 3603 et
1943 3552 2321 3603 occurrere
2375 3528 2771 3625 cupientes,
2808 3528 2884 3601 in
2920 3550 3130 3624 prae-

223 3656 412 3729 senti
463 3654 789 3749 generali
843 3651 1181 3749 Capitnlo
1238 3650 1718 3728 concordibus
1765 3650 2132 3745 suffragiis
2182 3656 2578 3725 statuerunt
2625 3657 2697 3723 et
2741 3658 3134 3725 sanxerunt

223 3776 795 3852 observandum:
851 3784 930 3851 ut
963 3775 1192 3849 libera
1245 3774 1556 3849 facultas
1603 3774 1697 3848 sit
1749 3796 1972 3870 penes
2027 3795 2201 3847 suas
2255 3771 2728 3847 Reverendas
2778 3771 3127 3846 Domina-

221 3898 460 3973 tiones
515 3898 970 3991 decernendi,
1028 3919 1170 3993 quo
1223 3896 1299 3970 hi
1351 3896 1669 3989 Domini,
1729 3896 1852 3992 qui
1903 3895 2221 3989 negotiis
2273 3892 2749 3992 Reipublicae
2800 3892 3126 3991 impediti

225 4021 677 4095 conditiones
717 4022 790 4093 in
819 4020 1039 4094 Villis
1086 4018 1792 4117 praestimonialibus
1839 4025 1912 4093 et
1946 4018 2305 4093 Domibus
2350 4016 2893 4091 canonicalibus
2932 4036 3126 4090 com-

220 4141 436 4216 mode
487 4142 883 4241 adimplere
939 4165 1080 4216 non
1137 4142 1411 4237 valent,
1467 4141 1875 4217 huiusmodi
1929 4140 2381 4216 conditiones
2435 4140 2631 4214 circa
2686 4138 3127 4214 distributio-

219 4288 384 4339 nem
456 4274 710 4363 parata
781 4266 1083 4363 pecunia
1156 4266 1354 4340 iuxta
1409 4264 1779 4339 arbitrium
1835 4265 2310 4339 Dominorum
2372 4262 2760 4338 refundant
2812 4270 2886 4337 et
2935 4261 3125 4336 redi-

225 4394 447 4461 mant.
502 4386 603 4461 Hi
649 4394 885 4462 autem
934 4388 1056 4484 qui
1101 4388 1296 4462 circa
1346 4386 1761 4462 huiusmodi
1798 4386 2214 4461 Ecclesiam
2248 4356 2574 4461 resident
2619 4383 3123 4482 personaliter,

224 4518 296 4584 et
339 4509 432 4584 de
480 4510 741 4607 quibus
793 4511 1271 4607 praesumitur
1321 4508 1544 4584 hasce
1597 4508 2049 4585 conditiones
2100 4508 2497 4607 adimplere
2543 4530 2785 4607 posse,
2842 4514 2920 4584 ut
2964 4530 3126 4583 cas-

222 4632 384 4707 dem
439 4631 640 4706 iuxta
692 4633 984 4729 antiqua
1037 4634 1355 4708 Decreta
1409 4638 1482 4707 et
1534 4631 2121 4709 consuetudinem
2169 4630 2637 4729 adimpleant.

2724 5481 2810 5547 22
