4055 6364
1475 782 1993 862 ...31-

287 992 489 1092 quod
541 994 606 1068 si
657 995 762 1068 ita
831 993 1053 1089 longe
1126 993 1391 1091 aliquis
1463 1017 1553 1068 ex
1622 995 2004 1071 Fratribus
2074 995 2345 1070 nostris
2414 995 2667 1088 fuerit,
2742 990 2935 1090 quod
3005 993 3193 1070 infra

287 1138 610 1191 mensem
666 1117 784 1190 vel
837 1116 1146 1213 amplius
1199 1115 1291 1190 ad
1349 1116 1506 1190 eius
1559 1118 1878 1191 notitiam
1939 1142 2081 1191 non
2139 1118 2514 1214 perveniat
2583 1138 2779 1189 mors
2851 1115 3190 1211 defuncti,

286 1262 611 1313 mensem
682 1239 918 1336 ipsum
973 1262 1018 1311 a
1072 1247 1395 1336 tempore
1467 1239 1762 1313 notitiae
1835 1240 1974 1315 sibi
2052 1262 2337 1313 currere
2418 1238 2789 1331 volumus,
2864 1246 2936 1312 et
3007 1261 3192 1334 quae

285 1361 662 1460 praedicta
718 1369 884 1435 sunt
935 1367 1262 1434 teneatur
1323 1361 1745 1458 adimplere.
1837 1362 2195 1436 Volumus
2268 1369 2505 1434 autem
2564 1367 2637 1434 ut
2690 1363 2822 1456 pro
2878 1360 3189 1434 solenni-

283 1492 435 1556 tate
490 1482 902 1579 sepulturae
955 1481 1290 1557 Fratrum
1363 1491 1770 1558 nostrorum
1826 1492 2104 1559 ematur
2152 1505 2339 1557 unus
2395 1505 2678 1579 pannus
2746 1483 3066 1557 sericeus
3122 1491 3193 1558 et

295 1628 432 1678 sex
483 1625 750 1698 magna
801 1603 1093 1678 lumina.
1170 1601 1251 1677 Si
1300 1603 1455 1678 illis
1509 1607 1976 1680 substantiam
2036 1606 2397 1702 propriam
2456 1605 2841 1698 contigerit
2910 1605 3189 1694 deesse,

290 1734 368 1800 et
419 1705 682 1801 Frater
735 1726 1037 1820 quilibet
1087 1749 1220 1824 pro
1275 1727 1514 1801 anima
1564 1728 1848 1802 Fratris
1919 1730 2174 1802 offerat
2226 1738 2563 1823 quantum
2631 1727 2774 1800 sibi
2824 1726 3032 1802 Deus
3082 1728 3189 1800 in-

285 1849 714 1948 spiraverit,
787 1857 1026 1923 tamen
1089 1871 1233 1924 non
1287 1851 1524 1925 minus
1579 1851 1670 1924 de
1726 1850 1961 1925 medio
2015 1873 2305 1944 grosso.
2398 1846 2778 1923 Caeterum
2838 1850 2929 1924 de
2982 1849 3193 1924 bonis

286 1972 656 2048 derelictis
709 1971 992 2046 Fratris
1048 1972 1363 2046 defuncti
1421 1981 1491 2046 et
1544 1971 1636 2046 de
1689 1994 1880 2047 anno
1932 1972 2213 2068 gratiae
2270 1971 2334 2045 si
2384 1972 2547 2067 ipse
2598 1971 2863 2046 Frater
2912 1971 2990 2045 in
3046 1971 3194 2046 vita

273 2093 686 2193 disposuit,
754 2095 1089 2169 voluntas
1145 2117 1276 2169 sua
1329 2095 1403 2168 in
1457 2095 1791 2168 omnibus
1841 2094 2246 2190 impleatur.
2307 2092 2452 2183 Qui
2507 2101 2743 2168 autem
2799 2093 3195 2168 decesserit

287 2219 700 2310 intestatus,
777 2215 1296 2290 Procuratores
1364 2215 1870 2288 Fraternitatis
1943 2223 2235 2290 nostrae
2310 2238 2481 2289 mox
2552 2237 2638 2290 eo
2696 2215 3034 2290 defuncto
3088 2224 3190 2290 te-

293 2348 600 2413 neantur
645 2337 736 2411 dc
771 2340 992 2413 rebus
1045 2339 1199 2412 suis
1253 2338 1495 2411 facere
1547 2338 2047 2428 inventarium,
2104 2361 2195 2410 ac
2230 2338 2525 2431 exigere
2578 2361 2838 2411 annum
2888 2339 3189 2433 gratiae,

285 2462 753 2536 conscribere
808 2460 1051 2535 debita
1107 2484 1274 2551 sua,
1332 2468 1404 2533 et
1458 2460 1711 2533 merita
1784 2461 2213 2535 servitorum
2270 2483 2405 2534 nec
2457 2483 2601 2533 non
2656 2481 3019 2557 exponere
3072 2485 3190 2536 co-

287 2607 444 2657 ram
515 2583 894 2658 Fratribus
947 2584 1020 2657 in
1078 2583 1308 2679 primo
1384 2580 1725 2678 Capitulo
1797 2582 2167 2676 generali,
2244 2605 2332 2656 ac
2386 2605 2727 2678 errogare
2803 2585 2893 2658 de
2946 2606 3190 2658 eorum

285 2705 640 2798 consilio,
717 2707 1109 2780 secundum
1164 2702 1358 2800 quod
1409 2703 1643 2800 ipsius
1697 2703 1915 2777 saluti
1987 2703 2222 2797 magis
2274 2704 2635 2779 videbitur
2690 2705 3051 2803 expedire.
3114 2702 3195 2780 Si

285 2828 456 2923 quis
510 2837 746 2902 autem
801 2850 980 2903 ausu
1037 2827 1417 2900 temerario
1473 2835 1545 2899 et
1598 2825 1985 2921 sacrilego,
2044 2825 2134 2900 de
2186 2826 2400 2900 bonis
2454 2826 2823 2902 derelictis
2876 2851 3007 2924 per
3060 2828 3190 2901 ali-

286 2972 505 3046 quem
560 2947 650 3022 de
706 2947 1098 3023 Canonicis
1167 2949 1437 3023 nostris
1491 2947 1860 3044 quidpiam
1929 2969 2190 3045 rapere
2243 2951 2847 3046 praesumpserit,
2923 2949 3192 3024 tamdiu

288 3095 424 3169 per
495 3069 893 3146 Censuram
969 3069 1287 3168 Capituli
1357 3070 2033 3164 excommunicetur,
2110 3068 2340 3144 donec
2414 3071 2909 3146 satisfactione
2984 3095 3190 3168 prae-

287 3195 559 3288 missa,
632 3194 1112 3269 absolutionis
1166 3194 1592 3269 beneficium
1645 3193 1985 3268 meruerit
2065 3191 2410 3267 obtinere.
2504 3191 2603 3266 Et
2674 3194 2843 3289 quia
2912 3194 3193 3268 Vicarii

291 3316 525 3423 nostri
578 3318 724 3391 sint
773 3318 847 3389 in
905 3325 1155 3391 nostra
1208 3316 1548 3390 Ecclesia
1601 3325 2007 3391 nostrorum
2064 3316 2411 3391 bonorum
2468 3316 2879 3412 participes,
2938 3316 3186 3388 decer-

291 3440 530 3513 nimus
583 3448 661 3515 ut
709 3440 787 3513 in
843 3438 1149 3533 singulis
1220 3439 1502 3512 actibus
1567 3444 1637 3511 et
1691 3438 2244 3511 solennitatibus
2318 3436 2826 3511 Frater-nitatis
2902 3446 3191 3512 nostrae

289 3584 548 3635 omnes
604 3568 677 3634 et
729 3560 997 3655 singuli
1050 3559 1310 3636 adesse
1363 3567 1741 3633 teneantur
1795 3562 1929 3634 sub
1983 3583 2217 3657 poena
2271 3560 2731 3656 privationis,
2805 3584 3013 3655 quam
3070 3585 3190 3635 ne-

287 3684 689 3779 gligentem
742 3683 1108 3758 incurrere
1165 3682 1494 3757 volumus
1546 3683 1710 3780 ipso
1763 3683 1981 3755 facto.

1647 3994 1835 4095 XL.

293 4206 404 4287 ne
461 4204 1072 4304 compensatione
1128 4201 1616 4283 conditionum
1685 4202 2239 4284 melior-starum
2296 4204 2363 4284 in
2420 4202 2618 4284 villis
2684 4203 2769 4283 ot
2831 4200 3192 4302 Lapideis,

290 4330 454 4408 tum
513 4326 606 4408 de
663 4325 1152 4426 dispositione
1223 4344 1472 4407 rerum
1547 4324 2076 4407 derelictarum
2153 4326 2331 4426 nost
2404 4325 2858 4423 intestatos,
2932 4342 3028 4405 ao
3102 4323 3194 4406 do

768 4449 1112 4550 tempore
1168 4446 1503 4529 veniendi
1560 4445 1658 4528 ad
1712 4447 2011 4548 vigilias
2068 4450 2151 4529 et
2207 4449 2533 4532 missam.

501 4660 597 4733 Et
655 4660 902 4756 prim0,
961 4662 1129 4755 quia
1179 4658 1364 4733 alias
1419 4665 1760 4734 statutum
1815 4667 1963 4753 est,
2019 4666 2165 4731 tam
2220 4658 2311 4732 de
2364 4682 2553 4733 anno
2606 4660 2908 4754 gratiae,
2950 4646 3187 4755 'quam

296 4784 392 4857 de
449 4782 899 4856 testamentis
953 4804 1043 4855 ac
1097 4782 1188 4857 de
1240 4781 1463 4855 Villis
1534 4780 2241 4879 praestimonialibus
2310 4779 2629 4878 Capituli
2702 4792 2773 4855 et
2826 4782 3197 4875 signanter

297 4903 602 5002 praedia
655 4904 776 4977 vel
829 4904 1018 4977 alios
1070 4911 1462 5001 proventus
1515 4903 1985 4998 habentibus,
2043 4912 2121 4979 ut
2172 4904 2245 4978 in
2299 4914 2560 4998 morte,
2615 4905 2736 4978 vel
2787 4912 2956 5001 post
3006 4926 3193 4977 mor-

295 5038 444 5101 tem
499 5026 885 5101 cuiuslibet
955 5026 1370 5119 confratris,
1443 5024 1964 5102 Procuratores
2020 5024 2338 5125 Capituli
2394 5027 2485 5101 de
2539 5027 2869 5101 omnibus
2924 5030 2995 5099 et
3048 5026 3193 5099 sin-

296 5150 498 5243 gulis
554 5147 921 5223 derelictis
977 5147 1241 5222 debent
1294 5171 1376 5223 se
1428 5149 1938 5243 intromittere,
2005 5158 2078 5223 et
2131 5148 2383 5224 cadem
2440 5149 2824 5244 diligenter
2878 5146 3193 5222 conscri-

299 5272 519 5364 bere,
577 5279 650 5345 et
701 5269 1050 5366 quidquid
1119 5270 1388 5345 ibidem
1444 5270 1534 5345 de
1590 5271 1799 5346 dictis
1873 5273 2137 5347 debitis
2192 5282 2265 5347 ct
2316 5273 2741 5347 servitorum
2814 5269 3193 5367 stipendiis

300 5391 798 5485 resultaverit,
872 5415 1006 5490 pro
1076 5394 1316 5468 anima
1387 5394 1705 5469 defuncti
1759 5396 2082 5469 converti
2136 5394 2433 5490 debent,
2508 5402 2723 5492 prout
2781 5394 2866 5467 ‘in
2920 5390 3193 5469 eisdem
