4055 6364
1457 760 1944 832 -211-

1439 1001 1893 1102 CCLXlV.

196 1207 478 1291 Auctio
532 1206 994 1296 fundationis
1049 1229 1183 1312 pro
1223 1208 1702 1291 celebrandis
1756 1208 2024 1291 Sacris
2081 1209 2338 1293 Missis
2394 1211 2461 1291 in
2500 1209 2807 1312 capelia
2843 1210 3099 1292 honori

195 1329 470 1411 Sancti
519 1330 880 1414 stanislai
929 1331 1287 1432 martyris
1326 1332 1409 1411 et
1459 1330 1842 1413 Pontifieis
1893 1331 2457 1428 cracoviensis,
2500 1331 2701 1412 intra
2748 1331 3113 1433 lapideam

309 1452 568 1534 ordine
606 1454 990 1554 quartam,
1041 1454 1266 1554 parte
1315 1453 1633 1534 sinistra
1688 1453 2217 1535 descendendo
2277 1474 2370 1535 ex
2414 1453 2615 1537 Aroe
2654 1454 3003 1554 positam,

419 1574 746 1656 neon-eto
813 1575 1245 1674 capitulari,
1303 1574 1509 1657 Anno
1567 1575 1778 1674 17-24,
1837 1574 2155 1657 Veneris
2211 1574 2330 1657 die
2388 1576 2466 1656 18
2522 1574 2904 1668 Februarii

1358 1696 1538 1796 lato,
1596 1697 1960 1779 admissa.

414 1924 502 1998 In
575 1921 881 2021 Capella
955 1923 1214 1999 honori
1285 1921 1532 1998 Sancti
1601 1922 1948 2000 Stanislai
2018 1924 2396 1999 Pontificis
2470 1921 2983 1999 cracoviensis
3038 1932 3111 1998 et

193 2045 579 2144 Martyris,
653 2046 746 2119 ab
801 2046 1098 2143 antiquo
1165 2047 1354 2120 intra
1425 2045 1788 2143 lapideam
1862 2047 2355 2120 canonicalem
2432 2046 2829 2142 superioris
2884 2047 3111 2121 conti·

189 2168 592 2262 gnationis‚
649 2191 695 2240 a
746 2178 952 2263 parte
995 2168 1287 2241 sinistra
1360 2167 1868 2243 descendendo
1923 2193 2015 2241 ex
2070 2167 2263 2242 Arce
2318 2167 2389 2241 in
2446 2167 2696 2242 ordine
2752 2176 3108 2263 quartam,

191 2313 408 2364 muro
464 2289 970 2363 decentissime
1029 2298 1437 2363 constructa
1493 2299 1563 2362 ct
1607 2290 1794 2362 intro
1851 2298 2218 2383 exornata,
2278 2297 2355 2361 nt
2394 2311 2531 2361 non
2590 2297 2913 2382 cessent,
2968 2289 3113 2363 imo

191 2421 554 2510 perpetuo
609 2412 702 2484 ad
755 2412 1060 2504 gloriam
1137 2411 1543 2485 Maiestatis
1615 2411 1946 2484 Infinitac
2013 2419 2087 2484 ct
2140 2409 2671 2483 venerationem
2727 2410 3103 2503 glorioris-

168 2535 368 2608 ‘simi
422 2534 770 2630 Martyris
827 2531 1309 2606 Sacrosancta
1383 2533 1658 2605 Missae
1715 2530 2093 2606 Sacrificia
2149 2533 2621 2623 celebrentur,
2697 2532 2819 2626 qui
2874 2531 3109 2606 cultus

187 2659 344 2730 iam
403 2655 620 2730 desiit
673 2657 767 2729 ob
822 2653 1178 2728 defectum
1253 2653 1617 2729 Censuum
1676 2679 1816 2727 non
1877 2653 2489 2750 provenientium,
2566 2654 2656 2726 ad
2715 2677 2873 2727 eum
2942 2655 3109 2728 effe-

190 2788 395 2852 ctum
452 2777 930 2868 fundatorum,
989 2777 1552 2866 innovationem,
1608 2777 1848 2850 verius
1900 2800 2161 2849 novam
2198 2776 2685 2850 fundationem
2726 2776 2899 2848 fecit
2936 2774 3109 2848 Per-

188 2899 510 2973 illustris
566 2907 637 2970 et
692 2897 1372 2970 Reverendissimus
1435 2898 1784 2972 Dominus
1841 2897 2176 2970 Andreas
2218 2896 2639 2971 Olszowski
2697 2896 3111 2970 Canonicus

198 3020 672 3094 Cathedralis
753 3017 1304 3110 Cracoviensis,
1415 3019 2024 3113 ministeriumque
2104 3018 2177 3090 id
2262 3019 2675 3114 specialiter
2756 3018 3114 3092 commisit

200 3141 550 3235 Collegio
633 3139 1217 3214 Reverendorum
1290 3139 1743 3215 Vicariorum
1818 3163 1950 3237 pro
2023 3149 2345 3236 tempore
2420 3147 2492 3214 et
2560 3141 2633 3215 in
2692 3146 3109 3237 perpetuum

195 3267 608 3338 futurorum
669 3262 1162 3353 existentium,
1237 3262 1449 3335 etiam
1506 3286 1863 3336 consensu
1921 3263 2445 3336 Perillustrium
2504 3270 2575 3335 et
2626 3259 3107 3335 Reverendis·

197 3386 552 3459 simorum
629 3384 1098 3456 Dominornm
1175 3382 1492 3480 Capituli
1576 3382 2037 3458 Cathedralis
2110 3382 2622 3457 Cracovicnsis
2678 3382 3107 3477 accedente3

197 3529 352 3578 non
409 3504 969 3602 praeiudicando
1043 3506 1263 3601 priori
1333 3505 1756 3597 fundationi,
1833 3506 2205 3601 ipsiusque
2278 3504 2749 3596 ordinationi,
2828 3513 2903 3578 ut
2976 3526 3110 3600 pro

197 3626 612 3723 Capellano
684 3626 1122 3721 provisionis
1188 3627 1518 3700 annualis
1573 3650 1848 3699 summa
1903 3636 2391 3715 convertatur,
2458 3626 2784 3700 seorsivo
2852 3624 3107 3698 funda-

195 3749 428 3823 tionis
500 3748 771 3843 scripto
842 3772 972 3843 per
1027 3746 1258 3821 dictos
1331 3746 1802 3822 Reverendos
1877 3748 2216 3821 Vicarios
2291 3745 2765 3820 Cathedrales
2839 3744 3107 3820 Cracc-

195 3871 500 3944 vienses
553 3878 1023 3965 acceptatum,
1082 3870 1357 3943 tenoris
1413 3873 1800 3966 sequentis.

417 3990 630 4063 Anno
695 3991 988 4065 Domini
1057 3990 1447 4063 Millesimo
1520 3988 2172 4087 Septingentesimo
2232 3990 2582 4085 vigesimo
2652 3997 2927 4084 quarte,
2985 3988 3103 4061 dic

193 4114 481 4204 Lunae,
538 4135 720 4207 quae
773 4112 908 4185 fuit
963 4110 1120 4185 dies
1172 4111 1543 4203 trigesima
1603 4114 1828 4208 prima
1879 4112 2221 4186 Ianuarii.

417 4339 892 4412 Intentionem
975 4337 1369 4434 piissimam
1446 4337 1896 4411 perillustris
1966 4346 2040 4411 et
2106 4335 2723 4411 Reverendissimi
2813 4335 3107 4408 Domini

193 4458 544 4535 Andreae
623 4459 1002 4533 Francisci
1077 4457 1496 4533 Olszowski
1569 4457 1916 4533 Canonici
2000 4458 2556 4550 Oraeoviensis,
2623 4456 3107 4531 benefactoris

195 4582 434 4655 nostri
485 4581 933 4677 amplissimi,
989 4605 1122 4677 per
1175 4579 1579 4654 Admodum
1657 4580 2159 4655 Reverendum
2215 4581 2753 4655 Vicedecanum
2807 4580 2880 4653 in
2938 4602 3105 4677 pro-

195 4704 396 4777 xime
453 4701 913 4799 praecedenti
947 4702 1204 4775 minori
1243 4700 1602 4796 Capitulo,
1644 4701 1759 4776 die
1810 4702 2190 4797 Vigesima
2242 4725 2429 4775 nona
2478 4702 2745 4776 mensis
2790 4701 3109 4776 Ianuarii

197 4825 595 4917 celebrato,
671 4824 763 4897 ad
821 4826 1148 4897 effectum
1219 4824 1726 4920 infrascriptae
1795 4824 2239 4897 fundationis
2319 4822 2809 4922 acceptandae
2891 4822 3106 4919 plene

199 4955 675 5040 congregatO,
733 4947 957 5020 verbo
1012 4947 1478 5043 propositam,
1526 4969 1658 5042 per
1695 4946 2055 5042 quoddam
2095 4947 2637 5022 instrumentum
2686 4968 2899 5019 manu
2935 4966 3100 5042 pro-

197 5070 363 5167 pria
420 5069 738 5143 eiusdem
794 5067 1244 5142 Perillustris
1298 5075 1370 5141 et
1406 5067 2025 5142 Reverendissimi
2060 5068 2356 5143 Domini
2394 5068 2897 5165 subscriptum,
2953 5066 3107 5141 suis

201 5189 739 5266 conditionibus
794 5198 864 5263 et
901 5190 1186 5287 punctis
1242 5191 1459 5263 certis
1512 5191 1956 5283 roboratum,
2011 5191 2087 5263 in
2141 5189 2491 5265 hodierno
2546 5191 2714 5264 item
2764 5186 3103 5287 Capitnlo

199 5311 394 5386 idem
455 5310 858 5386 Admodum
915 5310 1387 5385 Reverendus
1467 5310 1972 5385 Vieodecanus
2025 5311 2303 5403 intulit,
2379 5312 2716 5408 produxit
2771 5319 2841 5384 et
2892 5335 3104 5409 prac-
