4055 6364
1596 2304 2267 2431 STATUTA
2346 2307 3152 2435 SUMMARIA.

2175 2580 2588 2591 ——-——-—

932 2814 980 2883 c
999 2835 1041 2883 u
1060 2816 2178 2988 Ειείὲἒτξίεὒίἕοᾏξξοὶεζεῃέἰὲεῒω
2201 2816 2863 3005 ᾶᾶζᾘέοἲοῗιὲωωρῗζῡ
2898 2816 3207 3000 IPffimam,
3258 2920 3324 2986 et
3355 2918 3624 3005 Vigilias
3659 2919 3820 2985 inte·

931 3040 1079 3110 gras
1123 3024 1272 3107 post
1316 3020 1831 3106 completorium,
1874 3025 2142 3109 singulis
2181 3024 2425 3103 diebuS,
2476 3026 2588 3091 sed
2624 3025 2981 3109 specialiter
3023 3023 3180 3091 feria
3205 3022 3426 3105 quinta
3462 3042 3574 3105 pro
3613 3023 3822 3089 anima

936 3126 1115 3194 ducis
1160 3126 1441 3194 Boleslai
1490 3128 1554 3194 et
1598 3127 1863 3195 aliorum
1908 3127 2156 3214 Regum
2204 3129 2268 3195 et
2313 3127 2675 3212 Principum
2719 3127 3050 3208 Poloniae,
3099 3128 3393 3194 tenentur
3456 3126 3702 3211 explere
3743 3126 3810 3192 iu

932 3231 1143 3310 cantu,
1192 3231 1415 3297 diebus
1461 3230 1813 3308 dominiciS,
1880 3231 2061 3298 festis
2119 3231 2474 3315 duplicibus
2541 3235 2603 3298 et
2649 3231 2992 3300 sabbativis
3010 3280 3028 3312 ,
3078 3250 3152 3297 ac
3197 3232 3418 3298 diebus
3462 3251 3576 3316 per
3618 3231 3816 3296 totam

932 3332 1507 3418 Quadragesimam,
1542 3335 1607 3399 in
1644 3335 1872 3416 quibus
1909 3334 2144 3400 festum
2182 3353 2406 3401 novem
2443 3335 2813 3402 Lectionum
2849 3337 3118 3414 tenetur,
3163 3334 3461 3418 exceptis.
3501 3333 3814 3401 Salarian·

928 3437 1031 3502 tur
1074 3454 1188 3521 pro
1233 3436 1591 3503 huiusmodi
1638 3455 1823 3504 onere
1869 3439 2183 3505 offertorio
2231 3440 2308 3505 de
2345 3440 2548 3524 capite
2591 3439 2804 3506 Sancti
2850 3439 3168 3520 stanislai,
3219 3440 3389 3522 quod
3427 3439 3584 3505 alias
3623 3437 3816 3505 Prae-

929 3539 1042 3606 lati
1089 3541 1153 3606 et
1188 3537 1485 3606 canonici
1529 3541 1987 3625 percipiebant,
2039 3542 2255 3608 decem
2299 3543 2530 3609 marcis
2578 3544 2656 3609 de
2706 3543 2944 3627 Zuppa,
2993 3545 3058 3610 et
3095 3544 3424 3610 duodecim
3471 3541 3702 3608 marcis
3747 3541 3820 3606 de

929 3661 1148 3713 mensa
1192 3643 1553 3728 episcopali,
1602 3646 1674 3711 ut
1718 3645 1937 3711 exinde
1981 3645 2135 3710 fiant
2181 3646 2584 3728 quotidianae
2630 3630 3123 3715 distributiones.
3193 3647 3465 3712 Effertur
3510 3644 3822 3712 sententia

932 3747 1595 3829 excommunicationis
1639 3747 1778 3832 ipso
1824 3749 1995 3814 facto
2040 3749 2105 3814 in
2150 3751 2680 3835 transgressores.

929 3951 1125 4020 Cum
1178 3956 1401 4021 iuter
1453 3953 1776 4022 Oboros
1831 3957 2372 4041 Angelorum.
2431 3957 2618 4042 (Stat.
2669 3957 2806 4040 IV).

1135 4057 1308 4124 Infra
1348 4058 1577 4126 Divina
1622 4059 1893 4128 Praelati
1939 4061 2003 4127 et
2048 4058 2344 4126 Canonici
2389 4061 2563 4127 stent
2604 4060 2667 4125 in
2713 4061 3142 4145 superioribus
3187 4059 3392 4127 stallis
3413 4108 3431 4140 ,
3482 4059 3716 4128 Vicarii
3761 4062 3822 4126 in

928 4161 1347 4242 inferioribus,
1398 4163 1670 4229 scolares
1716 4163 1781 4229 in
1818 4163 1992 4228 chori
2026 4163 2256 4229 medio.
2302 4162 2495 4230 Secus
2531 4163 2768 4230 faciens
2806 4183 2918 4248 per
2952 4163 3296 4244 Decanum,
3333 4164 3436 4230 vel
3471 4163 3641 4230 vices
3677 4181 3820 4230 suas

928 4266 1273 4349 gerentem,
1324 4266 1638 4350 puniatur.

931 4469 1340 4551 Quoniam
1386 4471 1784 4540 Clericos
1828 4474 1908 4539 in
1953 4475 2294 4540 sortem.
2347 4471 2533 4560 (Stat.
2573 4473 2682 4558 V).

1138 4574 1433 4655 Praelati,
1483 4572 1801 4659 canonici,
1846 4577 2213 4656 Altaristae,
2261 4577 2513 4657 Vicarii,
2557 4577 2986 4657 Mansionarii,
3025 4576 3434 4644 Psaltoristae
3481 4575 3550 4642 et
3593 4573 3826 4642 caeteri

929 4675 1281 4743 beneficiati
1328 4678 1630 4744 ecclesiae
1675 4677 2105 4746 cracoviensis
2142 4680 2259 4746 sub
2299 4680 2521 4746 officiis
2557 4680 2808 4747 nonnisi
2852 4679 3350 4763 superpilliciati,
3399 4679 3511 4744 aut
3547 4677 3820 4761 cappati,

929 4780 1047 4847 sub
1092 4782 1353 4846 tonsura
1400 4781 1695 4862 clericali,
1743 4783 1810 4849 in
1857 4783 2187 4850 ecclesiam
2233 4783 2555 4862 incedaut3
2606 4783 2790 4850 aliter
2834 4783 3103 4868 ingressi
3148 4781 3528 4849 senteutiam
3571 4799 3824 4847 excom-

928 4881 1371 4951 municationis
1417 4885 1556 4968 ipso
1600 4884 1766 4950 facto
1811 4885 2163 4963 incurrunt3
2216 4905 2339 4951 non
2387 4885 2688 4952 habentes
2735 4888 3061 4953 tonsuram
3107 4905 3217 4969 per
3260 4883 3824 4952 hebdomadarium

928 4986 1359 5070 evangelicum
1424 4987 1833 5070 expellantur.
1918 4989 2001 5054 Et
2046 4988 2102 5054 si
2145 4989 2370 5073 expelli
2419 5008 2543 5055 non
2588 4990 2898 5073 poterint,
2969 5009 3112 5057 mox
3158 4991 3438 5057 cessetur
3482 5007 3523 5053 a
3567 4987 3815 5066 divinis,

929 5107 1111 5172 quae,
1162 5089 1252 5156 eis
1288 5091 1746 5170 recedentibuS,
1797 5093 2226 5171 resumantur-3
2267 5092 2657 5159 celebrantes
2696 5111 2906 5158 coram
2940 5094 3176 5160 talibus
3220 5091 3512 5176 suspensi
3549 5092 3698 5156 sunt
3742 5091 3820 5158 ab

925 5191 1217 5275 ingressu
1252 5193 1574 5272 ecclesiae,
1617 5195 1815 5261 donec
1850 5195 2226 5279 poeniteant.
2262 5193 2632 5261 cancellarii
2661 5197 2726 5260 et
2757 5194 3097 5262 familiares
3123 5195 3282 5279 regii
3310 5215 3384 5262 ex
3407 5194 3820 5278 permissione

928 5295 1187 5362 audient
1231 5296 1480 5378 Divina,
1528 5296 1732 5363 Missa
1776 5297 2034 5379 chorali,
2085 5297 2268 5365 Sexta
2314 5298 2379 5365 et
2421 5297 2606 5365 Nona
2651 5298 2936 5383 expletis.
