4055 6364
1373 737 1942 814 -22'1-

205 957 478 1047 pantes
529 948 1096 1023 intercesserint:
1163 947 1624 1022 Perillustres
1673 955 1746 1021 et
1779 946 2395 1022 Reverendissimi
2453 949 2745 1023 Domini
2799 949 3118 1024 Praelati

211 1079 290 1144 et
344 1069 698 1145 Canonici
750 1071 820 1142 in
879 1071 1220 1144 moderno
1275 1068 1601 1163 generali
1675 1069 2012 1167 Capitulo
2087 1073 2550 1166 congregati,
2626 1079 2869 1147 mutua
2939 1072 3115 1146 deli-

209 1192 590 1266 beratione
667 1190 1109 1288 praehabita,
1186 1191 1513 1266 volentes
1585 1192 2058 1288 praecludere
2138 1193 2329 1266 viam
2402 1193 2779 1289 quibusvis
2849 1193 3113 1270 abhinc

211 1313 670 1406 differentiis,
746 1322 1119 1408 utrumque
1177 1313 1644 1387 Dominorum
1719 1312 2407 1389 Archidiaconorum
2464 1338 2595 1412 pro
2652 1316 3113 1413 ampliatione

209 1435 627 1509 huiusmodi
681 1434 942 1509 Brevis
994 1433 1402 1532 Apostoliei
1457 1435 1667 1507 etiam
1725 1433 1916 1530 quod
1967 1437 2285 1532 ipsorum
2333 1434 2703 1510 Personas
2752 1437 2909 1511 sive
2946 1438 3116 1512 novi

208 1556 648 1654 immtrandi
703 1554 794 1630 ad
850 1553 1144 1629 Sacram
1201 1555 1478 1631 Urbem
1535 1557 1980 1650 remiserunt,
2039 1565 2111 1629 et
2165 1557 2303 1630 nisi
2338 1558 2531 1631 intra
2568 1581 2830 1633 annum
2868 1583 2913 1632 a
2948 1559 3117 1634 data

213 1678 702 1775 praesentium
774 1699 1141 1753 recursum
1212 1679 1517 1768 faciant,
1607 1677 1893 1752 illorum
1963 1677 2373 1753 huiusmodi
2444 1680 3108 1776 praerogativarum

209 1800 764 1896 praetensiones
835 1800 1076 1873 nullas
1130 1798 1587 1874 declararunt
1641 1807 1712 1874 et
1764 1800 1837 1872 in
1892 1800 2203 1874 futurum
2259 1799 2590 1876 absolute
2646 1801 3113 1896 denegandas

211 1923 290 1994 in
348 1920 539 1995 Actu
590 1921 1099 1997 installationis
1154 1923 1691 2013 concluserunt,
1748 1931 1961 2018 prout
1987 1924 2373 2018 remittunt,
2431 1923 2800 2000 declarant
2836 1931 2906 1998 et
2942 1946 3110 1998 con-

215 2042 536 2138 cludunt,
591 2043 889 2119 Decreti
945 2045 1348 2140 praesentis
1402 2045 1656 2139 vigore
1709 2045 1803 2118 ad
1859 2045 2259 2142 praemissa
2313 2045 2691 2120 mediante.

1388 2354 1949 2457 CCXXXIV.

317 2580 724 2661 Decretum
781 2582 921 2662 vim
979 2580 1270 2664 statuti
1327 2601 1468 2664 non
1525 2582 1919 2664 continens
1974 2581 2069 2662 de
2127 2581 2575 2663 installantis
2632 2579 3026 2663 canonico.

655 2702 861 2784 Anno
918 2703 1102 2783 1732
1158 2703 1274 2783 die
1329 2703 1666 2801 Veneris,
1723 2722 1918 2804 quae
1971 2702 2120 2784 fuit
2173 2704 2227 2784 8
2285 2703 2688 2786 Februarii.

425 2928 635 3004 Licet
689 2955 734 3002 a
787 2931 1018 3025 prima
1070 2930 1454 3004 Ecclesiae
1507 2930 1718 3005 istius
1773 2928 2233 3005 cathedralis
2284 2930 2731 3005 institutione
2767 2930 2963 3004 circa
2998 2953 3111 3004 re·

212 3053 623 3150 ceptionem
694 3050 1219 3126 Perillustrium
1294 3052 1790 3128 Praelatorum
1847 3061 1917 3126 et
1971 3050 2502 3128 Canonicorum
2574 3051 2777 3128 fundi
2825 3051 3111 3148 nobilis,

213 3198 442 3273 super
494 3173 818 3249 claritate
871 3173 1235 3268 natalium,
1292 3198 1423 3272 per
1477 3182 1698 3250 testes
1753 3182 1895 3249 tam
1952 3200 2042 3249 ex
2097 3175 2473 3273 spirituali,
2532 3200 2743 3272 quam
2799 3175 3118 3272 equestri

213 3297 564 3389 statibus,
640 3320 772 3371 nec
845 3320 984 3370 non
1043 3304 1348 3393 quatuor
1418 3306 1814 3391 stemmata,
1866 3295 2201 3373 deductio
2273 3298 2670 3373 nobilitatis
2740 3298 3112 3393 hucusque

212 3420 603 3494 observata
674 3420 928 3513 fuerit3
1003 3419 1466 3495 nihilominus
1538 3420 1870 3517 quoniam
1944 3420 2139 3494 cirea
2192 3418 2605 3495 modernam
2674 3416 3116 3494 Statutorum

213 3540 715 3638 capitularium
770 3565 862 3615 ex
897 3541 1348 3617 ordinatione
1381 3542 1864 3618 Illustrissimi
1917 3542 2215 3617 Domini
2259 3542 2441 3617 Loci
2481 3539 2851 3616 Ordinarii
2884 3541 3109 3616 refor-

212 3664 625 3755 mationem,
663 3662 1209 3739 Perillustribus
1267 3674 1335 3738 et
1387 3664 2045 3739 Reverendissimis
2098 3664 2433 3738 Dominis
2487 3660 2581 3736 ad
2616 3662 2694 3736 id
2749 3659 3111 3758 deputatis

211 3786 451 3860 visum
505 3786 759 3879 fuerat,
815 3793 894 3860 ut
945 3786 1132 3860 tales
1186 3784 1654 3862 deductiones
1706 3810 1838 3883 per
1890 3784 2439 3860 reformationes
2494 3791 2568 3857 et
2601 3784 3111 3880 inscriptiones

213 3908 340 3982 vel
394 3908 577 3982 alias
632 3908 1000 3983 officiosas
1052 3908 1596 4000 transactiones,
1653 3930 1852 3981 more
1908 3906 2209 3982 aliarum
2265 3903 2806 3980 Cathedralium
2853 3903 3110 3979 Eccle-

213 4030 526 4121 siarum,
599 4029 896 4126 praevio
971 4030 1184 4104 solito
1257 4031 1653 4105 iuramento
1732 4029 2029 4103 duorum
2106 4026 2196 4102 de
2267 4025 2626 4124 Capitulo,
2684 4033 2757 4100 et
2809 4026 3111 4101 duorum

216 4148 708 4225 Saecularium
781 4150 1151 4225 Nobilium
1222 4151 1922 4248 possessionatornm
2004 4174 2093 4224 ex
2174 4148 2586 4224 Palatinatu
2664 4146 3105 4244 installandi,

215 4281 343 4347 aut
394 4272 538 4346 alio
597 4271 941 4365 viciniori,
997 4272 1070 4346 in
1116 4274 1426 4348 futurum
1481 4280 1938 4369 peragantur:
1985 4272 2450 4347 Perillustres
2504 4279 2576 4347 et
2627 4269 3107 4347 Reverendis-

216 4394 383 4467 simi
434 4392 730 4466 Domini
797 4394 874 4467 in
927 4392 1270 4469 moderno
1339 4396 1663 4489 generali
1735 4394 2072 4493 Capitulo
2126 4394 2547 4491 congregati
2568 4452 2587 4490 ,
2644 4392 2736 4467 de
2788 4390 3106 4468 unanimi

217 4514 527 4589 consilio
563 4522 634 4588 et
668 4537 974 4590 assensu
1009 4512 1359 4589 statutum
1397 4516 1804 4591 huiusmodi
1838 4517 2068 4590 titulo:
2116 4518 2242 4590 De
2287 4516 2799 4614 receptione
2852 4513 3108 4589 Prae-

215 4638 583 4711 latorum
637 4645 718 4712 et
769 4636 1415 4732 Canonicorum,
1469 4645 1963 4735 acceptantes,
2019 4638 2201 4715 illud
2253 4639 2513 4714 amodo
2567 4637 3098 4715 observandum

221 4760 727 4837 decreverunt.
