4055 6364
2166 756 2728 834 -166—

999 991 1153 1042 rum
1209 990 1352 1043 non
1404 967 1762 1062 fundatur,
1819 979 2201 1064 rerumque
2256 969 2485 1066 pretia
2541 975 2921 1044 creverunt
2974 975 3047 1042 et
3098 973 3492 1064 proventus
3537 989 3626 1038 ac
3662 964 3897 1038 reddi-

999 1099 1115 1165 tus
1151 1089 1451 1163 Mensae
1489 1090 1928 1188 episcopalis
1982 1091 2219 1185 magis
2270 1091 2465 1165 aucti
2502 1099 2686 1179 sunt,
2737 1088 3289 1186 huiusmodique
3341 1089 3737 1163 Decretum
3772 1111 3899 1184 per

1000 1213 1387 1287 Dominum
1466 1210 1929 1288 Ordinarium
1993 1235 2136 1286 non
2192 1220 2306 1286 est
2354 1214 2869 1310 approbatum3
2934 1221 3082 1287 tum
3138 1233 3421 1308 quoque
3474 1210 3641 1286 aliis
3693 1210 3901 1285 iustis

995 1359 1084 1409 ae
1135 1334 1684 1410 rationabilibus
1740 1334 1830 1410 de
1881 1336 2125 1409 causis
2178 1337 2489 1410 animum
2548 1359 2831 1412 suarum
2891 1335 3479 1410 Dominationum
3533 1333 3897 1408 Reveren-

997 1458 1244 1531 darum
1297 1459 1905 1552 promoventibus,
1965 1458 2444 1532 concordibus
2500 1458 2864 1554 suffragiis
2910 1465 2984 1531 et
3029 1457 3221 1530 votis
3266 1455 3722 1548 cassandum,
3777 1479 3897 1528 an-

996 1578 1439 1653 nihilandum
1513 1579 2018 1654 concluserunt
2072 1589 2144 1654 et
2199 1578 2712 1674 decreverunt,
2786 1585 3000 1678 prout
3068 1587 3407 1671 cassant,
3479 1577 3896 1669 annihilant,

997 1709 1212 1797 atque
1269 1699 1526 1776 amodo
1582 1710 1653 1775 et
1706 1700 2051 1799 deinceps
2122 1703 2304 1776 illud
2356 1703 2625 1778 nullius
2700 1702 3035 1776 momenti
3090 1709 3162 1774 et
3214 1701 3501 1775 roboris
3554 1722 3720 1774 esse
3772 1721 3895 1773 vo-

995 1823 1172 1918 lunt,
1231 1822 1626 1899 decernunt
1660 1833 1732 1899 et
1769 1823 2144 1900 declarant
2195 1825 2562 1924 praesenti
2614 1825 2756 1900 hoc
2788 1825 3155 1921 generalis
3208 1822 3528 1922 Capituli
3584 1823 3897 1896 Deci-eto

995 1945 1378 2022 mediante.

2272 2153 2650 2256 CXCVI.

999 2361 1250 2445 Nullus
1281 2362 1878 2445 Reverendorum
1911 2362 2369 2446 Dominarum
2401 2365 2743 2463 tempore
2773 2363 3154 2446 concionis
3185 2359 3503 2444 Sacrum
3534 2359 3893 2441 celebret.

1739 2485 1946 2568 Anno
1988 2484 2211 2568 1604.
2253 2484 2380 2567 Dic
2418 2485 2735 2568 Veneris
2773 2486 2824 2565 2
2863 2483 3161 2585 Aprilis.

1204 2692 1615 2767 Reverendi
1687 2694 1980 2770 Domini
2052 2694 2641 2769 Eminentissimo
2712 2694 3217 2770 Illustrissimo
3273 2715 3362 2766 ac
3414 2690 3891 2766 Reverendis·

997 2817 1178 2890 simo
1215 2816 1530 2889 Domino
1567 2815 1940 2891 Bernardo
1981 2816 2487 2892 Macieiowski
2523 2817 2892 2914 Episcopo
2943 2813 3415 2890 Oracoviensi
3449 2814 3889 2902 satisfacere,

997 2937 1678 3036 distractionemque
1713 2947 1786 3013 et
1821 2938 1966 3012 alia
2017 2939 2365 3014 scandala
2423 2939 2593 3014 inde
2648 2947 2897 3014 secuta
2949 2939 3222 3013 evitare
3275 2937 3670 3034 cupientes,
3730 2959 3891 3010 eon-

998 3060 1310 3133 corditer
1364 3060 1836 3136 decreverunt
1889 3069 1960 3136 et
1993 3061 2508 3136 inviolabiliter
2562 3067 2955 3136 sanxerunt
3008 3057 3482 3134 servandum:
3538 3066 3620 3132 ut
3661 3058 3893 3134 nullus

998 3182 1467 3257 Dominorum
1521 3192 1843 3281 tempore
1896 3186 2265 3259 concionis
2328 3184 2585 3259 dicbus
2623 3184 3046 3260 -Dominicis
3083 3190 3155 3258 et
3188 3181 3496 3277 festivis,
3557 3185 3693 3258 sub
3748 3181 3889 3279 pri-

998 3304 1284 3379 vatione
1337 3305 1550 3381 unius
1604 3306 1748 3381 diei
1801 3307 2292 3399 refectionum,
2370 3303 2669 3381 Sacrum
2724 3304 3001 3381 Missae
3056 3302 3503 3380 Sacrificium
3558 3304 3887 3380 celebret.

2234 3616 2657 3719 CXCVII.

1001 3825 1104 3909 ne
1180 3827 1736 3911 Anniversariis
1810 3828 2155 3927 tempore
2227 3825 2757 3908 vacantiarum
2835 3824 2953 3908 his
3030 3826 3095 3906 in
3164 3824 3631 3907 hebdomada
3700 3825 3892 3908 ccle-

1467 3947 1796 4031 branssis.
1852 3948 2060 4030 Anno
2118 3946 2338 4030 1604.
2399 3948 2526 4029 Die
2581 3947 2896 4031 Veneris
2952 3946 3005 4029 8
3059 3946 3433 4029 octobris.
3498 3990 3507 3999 ·

1209 4162 1325 4233 De
1379 4158 1918 4234 Anniversariis
1971 4166 2295 4254 tempore
2348 4157 2864 4234 Vacantiarum
2918 4181 3048 4233 seu
3103 4156 3447 4233 messium
3510 4157 3889 4232 absolven-

1002 4282 1116 4357 dis
1168 4274 1580 4357 Reverendi
1650 4281 1947 4356 Domini
1999 4280 2322 4355 Praelati
2377 4289 2447 4355 et
2500 4279 2851 4355 Canonici
2921 4279 3395 4377 suprascripti
3446 4280 3521 4353 in
3574 4280 3713 4354 hoc
3766 4304 3889 4375 ge-

998 4404 1228 4478 nerali
1281 4402 1619 4501 Capitulo
1673 4409 2104 4497 tractantes,
2162 4403 2379 4477 certis
2435 4426 2521 4477 ac
2573 4403 2785 4477 iustis
2839 4402 2932 4476 de
2984 4402 3227 4477 causis
3282 4402 3597 4477 animum
3648 4424 3891 4476 eorum

1001 4525 1625 4624 permoventibus‚
1702 4525 2181 4601 concordibus
2252 4525 2621 4619 suffragiis
2673 4534 2747 4598 et
2797 4526 2988 4599 votis
3060 4526 3569 4600 concluserunt
3620 4533 3691 4599 et
3744 4532 3888 4598 sta-

999 4654 1322 4722 tuerunt:
1387 4646 1646 4722 amodo
1702 4655 1772 4722 et
1807 4647 2153 4743 deinceps
2208 4647 2401 4722 dicta
2454 4645 2972 4722 Anniversaria
3024 4648 3139 4722 bis
3194 4646 3503 4741 singulis
3558 4646 3887 4744 septima-

1000 4770 1156 4865 nis,
1225 4770 1564 4845 videlicet
1634 4770 1752 4844 die
1805 4770 2191 4844 Dominico
2265 4777 2432 4867 post
2484 4770 2858 4867 Vesperas
2913 4777 2984 4843 et
3034 4769 3281 4843 itidem
3334 4769 3557 4844 Feria
3626 4768 3887 4865 quinta,

1004 4900 1319 4988 tempore
1371 4892 1885 4967 Vacantiarum
1939 4891 2389 5003 absolvenda
2442 4900 2513 4966 et
2564 4890 3003 4990 peragenda.
