4055 6364
2129 756 2650 834 ...76-

940 966 1095 1047 siae
1148 970 1319 1046 huic
1373 968 1795 1045 Cathedrali
1849 966 2326 1045 Cracoviensi
2380 992 2510 1065 pro
2563 968 2844 1044 fabrica
2898 967 3448 1067 applicandam,
3521 968 3725 1045 luere
3783 974 3854 1042 et

783 1134 787 1139 Δ
937 1094 1030 1168 ad
1086 1092 1511 1169 solvendum
1581 1090 2140 1167 irremisibiliter
2201 1092 2570 1165 incurrere
2626 1090 2842 1166 debet
2894 1092 3057 1189 ipso
3109 1092 3326 1166 facto.
3421 1090 3637 1181 Quod
3695 1092 3852 1189 qui·

938 1216 1100 1292 dem
1154 1217 1544 1290 Decretum
1598 1236 1982 1311 praesens,
2039 1212 2454 1289 Reverendi
2506 1214 2798 1287 Domini
2856 1238 2901 1288 a
2957 1237 3041 1288 se
3091 1214 3512 1288 iuramentis
3556 1214 3850 1307 mediis,

939 1337 1175 1414 denuo
1226 1336 1489 1413 fiendis
1542 1334 2104 1411 confirmandum
2163 1342 2235 1411 et
2288 1334 2870 1433 approbandum,
2924 1335 3001 1409 in
3057 1336 3274 1409 aliam
3329 1334 3517 1409 diem
3572 1335 3852 1433 capitu·

932 1461 1183 1556 larem,
1241 1482 1371 1534 seu
1425 1457 1613 1533 alias
1666 1457 1760 1533 ad
1815 1457 2102 1556 plenius
2157 1464 2231 1531 et
2281 1457 2726 1555 frequentius
2782 1456 3194 1556 Capitulum
3251 1456 3722 1551 distulerunt,
3781 1463 3854 1531 et

936 1582 1401 1658 nihilominus
1470 1583 1887 1657 facultatem
1960 1578 2265 1655 cedendi
2336 1582 2872 1678 possessionem
2940 1582 3338 1677 gratiosam
3399 1580 3530 1654 tali
3600 1579 3850 1654 Nomi-

934 1714 1105 1781 nato
1157 1706 1441 1781 Domus
1506 1712 1577 1779 et
1626 1703 1904 1793 Villae,
1961 1711 2086 1777 aut
2138 1703 2437 1779 alterius
2490 1704 2852 1801 ipsorum,
2909 1703 3003 1777 ad
3059 1703 3677 1776 consecrationem
3735 1701 3850 1775 sui

936 1829 1058 1902 vel
1112 1827 1205 1901 ad
1259 1826 1555 1923 aliquod
1625 1834 1896 1901 certum
1968 1827 2316 1922 temporis
2387 1826 2737 1923 spatium,
2792 1826 2866 1898 in
2923 1833 3263 1922 quantum
3315 1824 3393 1899 id
3447 1826 3592 1900 sibi
3658 1826 3850 1900 bona

936 1950 1175 2045 gratia
1229 1957 1301 2024 et
1353 1949 1683 2047 precario
1738 1947 2040 2022 concedi
2116 1947 2632 2045 postulaverit,
2705 1947 3002 2021 Domini
3053 1946 3468 2023 Reverendi
3521 1970 3849 2021 reserva-

939 2081 1195 2149 verunt
1248 2079 1321 2147 et
1371 2079 1750 2147 reservant
1800 2078 2050 2147 tenore
2105 2071 2590 2170 praesentium
2645 2067 3028 2145 mediante.

2297 2384 2475 2487 XC.

942 2594 1359 2679 Absentiae
1400 2592 1702 2676 duorum
1756 2594 2111 2677 mensium
2166 2594 2511 2692 tempore
2547 2591 3082 2673 Vindemiarum
3140 2590 3583 2673 declaratio.
3641 2590 3847 2672 Anno

944 2716 1220 2798 Domini
1274 2714 1649 2799 millesimo
1710 2711 2989 2919 nuinuentetifflpnatuluffipipauesimo
3045 2714 3301 2795 tertio.
3358 2713 3486 2795 Die
3533 2712 3848 2797 Veneris

1148 3050 1551 3127 Licentiam
1604 3050 1699 3124 ab
1752 3048 2095 3125 Ecclesia
2145 3072 2278 3147 per
2341 3049 2478 3123 hos
2533 3048 2716 3123 duos
2771 3072 3059 3124 menses
3115 3056 3526 3145 sequentes,
3587 3048 3848 3145 quibus

942 3172 1053 3260 de,
1085 3196 1286 3248 more
1340 3179 1411 3248 et
1464 3173 1860 3270 antiquitus
1930 3180 2226 3271 recepta
2299 3171 2855 3267 consuetudine,
2929 3171 3224 3246 Domini
3277 3169 3690 3246 Reverendi
3741 3170 3847 3245 rei

939 3295 1279 3370 familiari
1344 3319 1517 3371 suae
1572 3303 1646 3370 et
1696 3296 2060 3372 messibus
2111 3319 2200 3370 ac
2255 3294 2666 3370 collectioni
2735 3296 3022 3390 frugum
3092 3294 3464 3369 intendere
3517 3294 3592 3367 in
3649 3294 3846 3368 villis

941 3418 1094 3492 suis
1147 3418 1854 3516 praestimonialibus
1926 3419 2202 3512 solent,
2277 3416 2418 3490 sibi
2468 3416 2652 3513 ipsis
2705 3424 2948 3490 mutuo
3022 3415 3556 3490 concedendum
3613 3423 3687 3490 et
3737 3416 3844 3490 in-

942 3538 1377 3634 dulgendum
1434 3538 1788 3632 dixerunt,
1844 3540 1947 3614 ita
2000 3547 2258 3632 tamen,
2314 3547 2393 3614 ut
2427 3539 2729 3635 quilibet
2783 3539 3276 3631 Dominorum,
3333 3538 3642 3632 singulis
3691 3538 3842 3611 die-

935 3663 1075 3736 bus
1132 3662 1510 3738 dominicis
1562 3670 1636 3737 et
1685 3663 1897 3737 festis
1950 3687 2038 3738 ac
2093 3662 2350 3737 diebus
2403 3661 2716 3738 Veneris
2780 3685 2910 3736 seu
2965 3660 3504 3758 capitularibus,
3569 3661 3645 3733 in
3699 3659 3842 3734 Ec-

940 3784 1167 3860 clesia
1220 3808 1383 3862 sese
1434 3791 1981 3882 repraesentare
2034 3793 2378 3878 teneatur,
2435 3787 2668 3883 sitque
2722 3785 3130 3860 adstrictus.

2284 4096 2506 4199 XCI.

951 4304 1055 4386 De
1104 4303 1487 4406 privilegio
1542 4303 1830 4386 Altaria
1886 4303 2148 4387 Sancti
2204 4269 2577 4387 Andreae.
2633 4304 2839 4388 Anno
2893 4305 3161 4388 Domini
3213 4305 3588 4388 millesimo
3630 4303 3844 4389 auin.

1253 4427 1671 4528 uentesimo
1727 4424 2350 4529 ssuinquanesimo
2405 4428 2664 4510 tertio.
2721 4427 2848 4509 Die
2882 4429 3003 4514 ,Ι·’··
3060 4426 3553 4532 Septembris.

1150 4637 1438 4716 Literas
1490 4639 1917 4737 transumpti
1985 4638 2430 4714 fundationis
2484 4646 2556 4712 et
2609 4639 2992 4716 erectionis
3045 4638 3322 4715 Altaris
3393 4638 3642 4714 Sancti
3695 4638 3842 4714 An-

945 4761 1163 4836 dreae
1232 4759 1575 4859 Apostoli
1642 4761 1717 4834 in
1770 4761 2114 4836 Ecclesia
2185 4759 2605 4836 Cathedrali
2675 4760 3183 4857 Cracoviensi,
3261 4763 3453 4859 quod
3525 4763 3616 4836 de
3687 4764 3842 4838 iure

944 4890 1375 4981 personatus
1430 4890 1502 4957 et
1534 4883 2044 4980 praesentandi
2096 4883 2558 4959 Venerabilis
2613 4883 2930 4984 Capituli
2976 4883 3506 4978 cracoviensis,
3565 4909 3654 4960 ac
3699 4885 3840 4959 Fa-

944 5005 1186 5080 miliae
1240 5005 1711 5080 Dominorum
1769 5006 1859 5080 de
1912 5005 2213 5103 Teozyn
2265 5007 2339 5080 in
2396 5007 2750 5081 communi
2806 5015 2878 5083 et
2929 5032 3060 5105 per
3113 5009 3420 5083 medium
3477 5031 3568 5081 ex
3612 4997 3842 5104 aequo

946 5127 1228 5222 existit,
1284 5150 1376 5201 ex
1430 5150 1572 5228 quo
1626 5127 2099 5222 Privilegium
2172 5129 2525 5224 originale
2595 5151 2782 5204 nunc
2851 5154 2997 5205 non
3052 5138 3292 5228 potest
3342 5153 3510 5206 esse
3572 5130 3842 5228 reperi-

945 5250 1115 5344 bile,
1171 5249 1587 5324 Reverendi
1637 5250 1938 5325 Domini
1992 5274 2084 5325 ex
2137 5251 2494 5346 Regestro
2546 5250 3098 5347 Privilegiorum
3157 5253 3577 5346 Ecclesiae,
3653 5249 3840 5350 quod

947 5380 1060 5447 est
1109 5373 1186 5448 in
1242 5370 1682 5471 Capitulari,
1757 5371 2239 5448 extradendas
2300 5397 2434 5471 per
2485 5375 2974 5472 compulsum,
3047 5376 3183 5450 sub
3256 5373 3516 5470 Sigillo
3587 5373 3842 5450 minori
