4055 6364
2138 703 2453 790 *msszfl
2560 749 2652 774 -.

937 913 1351 990 inhabitans
1419 914 1862 1010 significabit
1911 914 2159 990 Fratri
2177 971 2197 1006 ,
2272 916 2390 998 eui
2442 913 2724 990 domus·
2770 915 3157 995 commissa
3220 925 3337 991 est
3356 973 3375 1010 ,
3459 916 3586 1012 qui
3654 917 3857 991 ultra·

937 1036 1272 1112 Dominis
1326 1035 1417 1111 de
1471 1035 1808 1134 capitulo
1860 1037 2277 1131 insinuabit,
2336 1046 2408 1114 et
2459 1037 2572 1142 illi·
2621 1036 2816 1132 quod
2864 1040 3133 1114 melius
3178 1039 3541 1117 videbitur
3592 1039 3851 1136 dispo·

937 1182 1127 1250 nere,
1163 1161 1536 1250 curabunt,

2194 1471 2203 1572 ἶ
2267 1473 2499 1576 LXI.
2603 1483 2713 1576 J.
2846 1565 2853 1576 .
2944 1469 2965 1578 J

1009 1682 1114 1762 Dc
1170 1679 1494 1763 lectione
1550 1680 2031 1763 Statutorum
2088 1682 2276 1886 ιιιιῐὲ
2327 1681 2991 1884 ἰιιιῒιιιιιιαιῑῦιιειιι
2927 1681 3331 1797 cuiuslibet
3378 1682 3761 1820 generalis

1193 1845 1198 1848 ·
2280 1805 2399 1904 api
2440 1824 2533 1885 ιιι

1146 2014 1356 2089 Licet
1409 2039 1452 2092 a
1505 2013 1741 2088 Nobis
1795 2022 1870 2088 et
1919 2015 2189 2089 nostris
2261 2014 2961 2098 praedecessoribus
3031 1969 3251 2101 fucrit
3316 2037 3845 2112 saepenumero

934 2145 1307 2212 tractatum
1379 2145 1450 2211 et
1503 2138 1916 2211 conclusum
1943 2195 1960 2227 ,
2039 2145 2390 2233 quatenus
2460 2139 2533 2210 in
2590 2137 2944 2236 principio
3016 2138 3401 2212 cuiuslibet
3468 2137 3845 2232 generalis

937 2259 1257 2358 Capituli
1311 2256 1594 2336 Statuta
1645 2261 1719 2334 in
1760 2258 2124 2356 praesenti
2177 2257 2562 2334 Volumine
2619 2260 3052 2356 conscripta,
3106 2267 3493 2355 antequam
3546 2259 3639 2334 ad
3692 2260 3846 2332 alia

915 2383 1444 2479 procederetur
1497 2405 1628 2478 per
1685 2381 2201 2455 Procuratores
2255 2380 2376 2453 vel
2418 2379 2804 2458 Notarium
2878 2379 3198 2478 Capituli
3250 2381 3540 2479 publice
3608 2382 3841 2456 omni-

933 2507 1069 2580 bus
1123 2503 1580 2579 audientibus
1635 2510 1902 2578 attente
1957 2504 2391 2597 legerentur,
2450 2511 2687 2576 tamen
2742 2501 2912 2598 quia
2965 2527 3102 2577 nec
3152 2527 3391 2600 poena
3438 2505 3511 2576 in
3550 2515 3839 2578 contra·

930 2627 1306 2722 facientes,
1367 2651 1500 2730 nec
1555 2626 1951 2728 praemium
1993 2625 2550 2726 observantibus
2586 2623 2871 2702 adiecta
2907 2627 3215 2731 fuerant,
3274 2626 3624 2701 oblivioni
3666 2625 3843 2700 data

929 2752 1003 2823 in
1043 2751 1464 2826 executione
1522 2747 1961 2838 defecerunt,
2018 2741 2543 2854 propterquod
2582 2749 2979 2824 multorum·
3016 2749 3503 2823 conscientiae
3550 2750 3839 2823 fuerant

933 2873 1227 2969 saepius
1295 2872 1687 2946 involutae.
1777 2869 1937 2944 Nos
1986 2870 2230 2963 igitur
2301 2867 2698 2965 cupientes
2743 2879 3107 2967 torporem
3182 2880 3253 2944 et
3313 2871 3835 2966 negligentiam

935 2992 1344 3076 huiusmodi
1397 3001 1475 3068 et
1523 2991 1845 3090 pericula
1900 2979 2502 3066 conscientiarum
2556 3000 2891 3080 excutere
2963 2993 3282 3066 unanimi
3336 2995 3649 3070 omnium
3706 3016 3835 3067 no-

933 3127 1156 3194 strum
1241 3139 1599 3193 consensu
1684 3113 1952 3212 pariter
2023 3123 2095 3188 et
2168 3134 2473 3203 assensu
2552 3114 3153 3209 irrefragabiliter
3194 3139 3364 3213 ·pro
3434 3117 3839 3191 futurorum

927 3242 1273 3315 memoria
1326 3249 1398 3315 et
1455 3238 1737 3325 cautela
1819 3237 2230 3330 statuimus,
2306 3246 2383 3311 ut
2456 3236 2815 3336 deinceps:
2844 3239 2944 3311 -in
3006 3239 3387 3335 principio,
3446 3239 3853 3323 cuiuslibet.

929 3364 1295 3457 generalis
1351 3360 1692 3460 Capituli.
1727 3360 1819 3443 ,ad
1875 3359 2063 3434 alios
2116 3368 2503 3453 tractatus,
2578 3362 2718 3435 nisi
2774 3362 3229 3445 sine‚·m01·ae
3284 3362 3608 3458 periculo
3664 3380 3831 3459 pro-

927 3487 1172 3580 rogari
1224 3508 1366 3559 non
1421 3490 1743 3581 possent,
1800 3482 2214 3555 nullatenus
2267 3482 2721 3579 procedatur,
2789 3482 2929 3556 nisi
2984 3482 3177 3555 dicta
3228 3464 3511 3557 Statuta
3564 3483 3683 3556 vel
3734 3482 3833 3555 ad

928 3609 1161 3680 minus
1213 3606 1533 3703 ipsorum
1591 3604 1969 3679 summatio
2024 3603 2215 3676 infra
2270 3601 2667 3700 descripta,
2725 3605 3051 3700 perclare
3109 3605 3307 3700 prius
3362 3612 3434 3677 et
3484 3605 3833 3700 intelligi-

926 3729 1167 3803 biliter
1219 3751 1350 3825 per
1403 3728 1713 3823 aliquem
1773 3750 1862 3799 ex
1915 3726 2251 3799 Dominis
2307 3749 2435 3799 seu
2474 3750 2621 3823 per
2673 3725 3048 3801 Notarium
3116 3724 3437 3823 Capituli
3489 3728 3829 3823 perlega-

926 3858 1060 3943 tur,
1134 3854 1232 3924 ita
1285 3858 1362 3924 ut
1416 3857 1840 3947 praesentes
1912 3847 2213 3923 Fratres
2287 3857 2357 3922 et
2427 3848 2519 3921 ad
2578 3848 2841 3925 dictam
2912 3848 3295 3923 lectionem
3368 3849 3831 3923 attendentes

924 3995 1058 4068 pro
1109 3972 1240 4045 illa
1294 3973 1450 4045 vice
1507 3981 1792 4069 praeter
1845 3971 2032 4044 alias
2086 3971 2519 4079 refectiones
2573 3979 2880 4066 quatuor
2946 3993 3366 4065 grossorum
3438 3972 3833 4067 largitione

925 4095 1428 4191 praemientur.
1521 4093 2041 4167 Procuratores
2094 4114 2312 4182 ve1·,o
2386 4093 2479 4165 si
2508 4093 2771 4167 dictam
2824 4093 3205 4199 lectionem
3270 4093 3419 4186 logi
3474 4115 3605 4165 seu
3658 4116 3827 4189 ιιι-ο

925 4216 1249 4290 nunciari
1321 4183 1810 4310 neglexerint,
1891 4215 2225 4289 omnibus
2298 4208 2922 4290 distributionibus
2996 4206 3477 4310 cuiuscunque
3552 4216 3829 4310 speciei

923 4339 1186 4419 fuerint
1238 4360 1370 4435 pro
1423 4346 1574 4413 toto
1627 4345 1947 4433 tempore
2001 4337 2201 4411 illius
2256 4336 2571 4432 Capituli
2626 4362 2713 4409 eo
2767 4338 2929 4433 ipso
2987 4336 3147 4409 sint
3183 4337 3467 4432 privati.
3520 4354 3527 4362 ·

1469 4782 1477 4791 ⁸
2191 4624 2613 4758 LX11.

1085 4970 1090 4977 Ι
1219 4855 1324 4938 De
1376 4802 1754 4937 faciendus
1809 4856 2227 4939 rationibus
2278 4876 2376 4938 ex
2430 4854 2922 4939 vaentthus
2978 4780 3526 4982 capitularibus

1715 4998 1849 5079 per
1906 4978 2464 5097 Procuratores
2515 4976 2632 5129 bis
2689 4978 2755 5059 in
2812 4993 3031 5058 anno.
3172 5006 3176 5016 ·
3256 4993 3263 5007 ·

977 5209 982 5215 ·
1115 5150 1264 5277 Ne·
1318 5156 1779 5284 Capitulares
1850 5152 2234 5285 pecunias
2252 5196 2323 5262 et
2374 5144 2711 5283 ruti-citus
2776 5188 2851 5261 in
2922 5144 3311 5281 damnosos
3382 5193 3454 5259 et
3502 5147 3826 5265 villicitos

919 5335 1096 5402 usus
1153 5311 1458 5400 distrahi
1499 5311 1918 5405 contingat„
1962 5312 2395 5405 statuimus,
2420 5311 2609 5427 [lund
2656 5309 3841 5426 ,cacinnum2a=ssazoq1sat01tibus
