4055 6364
2115 780 2209 793 —-
2321 734 2680 813 248-

1154 940 1295 1031 Qui
1361 942 1902 1017 distributiones
1970 942 2240 1017 lucrari
2315 946 2597 1038 volunt,
2655 944 2964 1037 singulis
3033 944 3290 1017 diebus
3347 943 3508 1018 dum
3565 941 3848 1017 Officia

947 1064 1189 1138 divina
1262 1066 1735 1158 celebrantur,
1787 1066 2040 1141 saltem
2097 1078 2261 1141 ante
2315 1066 2584 1143 finitam
2645 1066 2927 1141 Nonam
2981 1067 3055 1138 in
3111 1064 3514 1139 Ecclesiam
3569 1064 3849 1139 Cathe-

945 1186 1217 1260 dralem
1273 1188 1605 1278 veniant,
1689 1186 1947 1261 diebus
2000 1196 2238 1262 autem
2292 1187 2670 1263 dominicis
2723 1198 2795 1263 et
2845 1188 3054 1262 festis
3113 1188 3590 1285 processioni,
3663 1186 3852 1259 Mis-

946 1331 1070 1383 sae
1124 1308 1377 1383 maiori
1435 1317 1507 1382 et
1560 1308 1887 1383 concioni
1941 1309 2296 1385 interesse
2350 1318 2745 1385 teneantur.

1147 1428 1487 1505 Habeant
1536 1430 1845 1505 indicem
1883 1431 2254 1525 festorum,
2293 1432 2366 1505 in
2407 1432 2666 1529 quibus
2719 1433 2820 1512 ad,
2851 1430 3226 1526 Vesperas
3281 1432 3668 1505 convenire
3727 1452 3848 1504 so-

937 1550 1090 1624 lent
1143 1576 1232 1625 ex
1288 1548 1591 1625 Statuto.

1142 1672 1512 1771 Episcopo
1583 1674 2014 1769 celebranti,
2089 1676 2481 1765 ordinanti,
2555 1684 2678 1750 aut
2745 1676 2891 1749 alia
2940 1674 3380 1772 pontificalia
3435 1676 3838 1763 exercenti,

936 1796 1279 1869 assistant
1349 1805 1563 1892 atquc
1631 1796 2050 1891 inserviant,
2109 1799 2245 1873 sub
2299 1798 2700 1893 privatione
2766 1797 3340 1872 distributionum
3423 1796 3618 1871 illius
3691 1795 3846 1869 diei

940 1911 1116 2013 (See.
1176 1916 1297 1990 24.
1362 1914 1539 2015 Cap.
1597 1918 1737 2013 12).

1142 2038 1445 2113 Missam
1536 2042 2080 2116 conventualem
2157 2065 2287 2116 seu
2369 2042 2711 2116 maiorem
2785 2040 3194 2115 celebrante
3265 2040 3636 2137 Episcopo
3713 2038 3839 2112 vel

935 2160 1078 2235 alio
1132 2161 1544 2251 sacerdote,
1618 2162 1754 2261 ipsi
1832 2164 2048 2238 etiam
2120 2173 2456 2260 tanquam
2509 2162 2720 2237 simul
2779 2161 3231 2237 celebrantes
3283 2160 3377 2236 ad
3433 2162 3670 2236 omnia
3723 2168 3836 2235 at·
3939 2236 3954 2251 ‚

934 2280 1251 2356 tendant.

1138 2402 1656 2479 Anniversaria
1722 2429 2007 2503 quoquc
2079 2407 2559 2500 fundatorum,
2635 2408 2931 2481 fratrum
3008 2415 3080 2480 et
3131 2407 3435 2481 aliorum
3507 2376 3861 2480 fidelium‘

932 2548 1023 2599 ne
1080 2526 1488 2621 negligant:
1546 2552 1730 2625 quae
1785 2538 1860 2602 ut
1893 2529 2152 2603 melius
2207 2531 2489 2619 obeant,
2547 2528 2836 2601 nomina
2864 2551 3128 2620 eorum,
3189 2551 3321 2625 pro
3359 2528 3620 2623 quibus
3671 2528 3824 2601 An-

935 2648 1331 2722 niversaria
1387 2670 1517 2744 per
1571 2648 2039 2745 septimanam
2095 2650 2534 2725 celebranda
2585 2659 2789 2742 sunt,
2865 2650 3046 2724 feria
3099 2660 3303 2723 sexta
3357 2650 3428 2722 in
3488 2648 3824 2746 Capitulo

932 2776 1005 2842 et
1054 2770 1127 2841 in
1200 2770 1420 2844 choro
1474 2778 1641 2843 ante
1699 2768 1944 2845 Officii
2015 2772 2582 2865 inchoationem,
2655 2773 2729 2845 in
2801 2772 3048 2847 tabula
3121 2770 3489 2868 descripta
3558 2793 3820 2868 propo·

931 2900 1207 2967 uantur.

1137 3013 1225 3087 In
1278 3014 1552 3108 Missis,
1610 3039 1791 3113 quas
1828 3016 1919 3091 de
1975 3018 2092 3091 die
2129 3017 2628 3109 celebrabunt,
2678 3016 3030 3090 facientes
3077 3016 3820 3089 commemorationem

932 3158 1199 3227 eorum,
1259 3160 1390 3234 pro
1430 3138 1691 3234 quibus
1744 3137 2266 3215 Anniversaria
2319 3138 2539 3232 fiunt,
2599 3138 3025 3233 obligationi
3079 3136 3169 3212 de
3223 3136 3456 3213 Missa
3512 3160 3644 3234 pro
3700 3135 3820 3210 de·

929 3259 1195 3334 functis
1247 3258 1601 3354 facienda,
1661 3255 1809 3336 eos'
1842 3261 2340 3338 satisfacturos
2395 3261 2869 3336 declaramus.

1135 3381 1568 3457 Distributio
1621 3383 1967 3479 pecuniae
2021 3407 2154 3481 pro
2207 3382 2750 3475 Anniversario‚
2824 3405 2913 3456 ne
2967 3383 3041 3455 in
3082 3381 3419 3456 Ecclesia
3469 3381 3630 3476 fiat,
3691 3381 3820 3455 sed

926 3501 1001 3574 in
1060 3499 1465 3598 Capitulari
1518 3503 1707 3578 loeo.

1134 3623 1488 3718 Magister
1557 3627 2120 3703 ceremoniarum
2207 3635 2407 3701 certa
2494 3627 2881 3701 constituta
2955 3627 3364 3722 provisione
3438 3627 3818 3722 deligatur,

928 3743 1131 3818 cuius
1185 3753 1427 3842 partes
1481 3755 1705 3840 erunt,
1764 3749 2094 3824 omnibus
2148 3757 2219 3822 et
2271 3748 2614 3841 singulis,
2665 3751 2786 3846 qui
2836 3751 2914 3824 in
2970 3748 3188 3823 choro
3248 3749 3532 3841 adsunt,
3591 3747 3818 3842 signi-

933 3865 1179 3958 ficare,
1238 3891 1379 3962 quo
1436 3877 1751 3966 tempore
1807 3880 2138 3967 oporteat
2189 3880 2412 3964 stare,
2461 3894 2601 3968 quo
2671 3871 3021 3945 inclinare
3075 3880 3310 3969 eaput,
3385 3894 3530 3968 quo
3582 3893 3818 3965 genua

926 3987 1258 4082 flectere,
1316 3991 1529 4088 quale
1580 3993 1748 4065 item
1803 3995 2107 4090 quisque
2160 4016 2458 4085 munus,
2535 4017 2770 4088 quove
2825 4001 3035 4090 pacto
3089 4003 3460 4091 praestare
3517 3993 3816 4085 debeat;

928 4110 1396 4207 singulosque
1470 4111 1846 4188 Ecclesiae
1914 4115 2277 4189 ministros
2351 4115 2464 4188 sui
2527 4113 2750 4188 officii
2818 4115 2892 4187 in
2947 4123 3268 4213 tempore
3321 4136 3807 4212 praemonere,

928 4255 1016 4305 ac
1072 4240 1145 4305 ut
1197 4235 1433 4307 omnia
1484 4235 1617 4308 rite
1654 4241 2093 4332 peragantur
2129 4258 2218 4309 ex
2255 4235 2650 4328 Breviario‚
2706 4235 2994 4310 Missali
3029 4246 3102 4312 et
3135 4237 3568 4330 Pontificali,
3609 4259 3811 4334 prae-

928 4353 1191 4426 videre.
1251 4353 1393 4444 Qui
1448 4354 1555 4429 illi
1611 4379 1751 4430 non
1808 4357 2166 4446 obedient,
2226 4344 2726 4431 distributione
2778 4357 2976 4433 illius
3033 4361 3176 4434 diei
3233 4361 3680 4435 mulctentur.

1141 4474 1283 4565 Qui
1338 4476 1547 4573 plura
1622 4478 1974 4553 beneficia
2047 4503 2138 4552 ex
2191 4478 2726 4574 dispensatione
2781 4475 2995 4554 Sedis
3051 4481 3522 4578 Apostolicae
3579 4481 3808 4581 possi·

929 4597 1121 4690 dent,
1176 4623 1427 4672 mirare
1483 4599 1787 4692 debent,
1862 4609 1939 4675 ut
1992 4601 2276 4676 duabus
2327 4601 2420 4675 ad
2479 4601 2710 4674 minus
2765 4605 3184 4700 septimanis
3243 4607 3552 4700 singulis
3605 4605 3809 4679 annis

928 4719 998 4793 in
1057 4721 1165 4794 eis
1219 4721 1677 4795 residentiam
1733 4722 2005 4797 faciant
2060 4725 2394 4798 continue
2449 4722 2566 4794 vel
2619 4723 3152 4820 interpollatim.

1137 4841 1471 4940 Capitula
1525 4843 1890 4917 celebrent
1943 4846 2252 4939 singulis
2307 4843 2748 4940 septimanis,
2806 4848 2962 4921 sine
3018 4849 3350 4944 neglectu
3415 4857 3656 4923 tamen
3709 4849 3810 4922 di·

932 4964 1251 5039 vinorum
1292 4962 1731 5055 Officiorum,
1782 4967 2042 5061 quibus
2093 4968 2446 5041 interesse
2499 4971 2862 5041 tenentur:
2920 4994 3103 5067 quac
3152 4994 3438 5069 semper
3470 4972 3814 5069 incipiant

928 5087 1022 5159 ab
1078 5085 1399 5159 oratione
1456 5085 1865 5160 Actiones
1921 5097 2267 5163 nostras
2323 5097 2456 5161 etc.
2516 5083 2602 5158 In
2660 5089 2766 5162 eis
2821 5114 2951 5188 per
2991 5093 3529 5168 praesidentem
3585 5095 3812 5189 primo

932 5230 1215 5302 semper
1268 5207 1687 5302 spiritualia,
1746 5207 2003 5282 deinde
2061 5210 2482 5306 temporalia
2537 5223 3050 5308 proponantur.
