4055 6364
238 954 479 1031 latum
535 958 659 1027 aut
710 949 1152 1027 Canonicum
1207 948 1299 1026 ad
1354 955 1848 1051 reponendam
1906 963 1977 1032 et
2027 958 2102 1030 in
2139 975 2395 1029 manus
2448 951 2838 1028 eorundem
2893 950 3164 1029 Procu-

242 1082 575 1150 ratorum
630 1073 1141 1149 exsolvendam
1200 1056 1447 1149 decem
1503 1076 1913 1153 Marcarum
1986 1076 2339 1176 pecuniae
2389 1074 2716 1149 monetae
2771 1081 2844 1149 et
2894 1072 3173 1149 numeri

242 1196 694 1295 polonicalis
764 1218 1109 1293 poenam,
1185 1220 1398 1294 quam
1472 1200 1851 1275 succubuit
1904 1201 1998 1275 ob
2051 1196 2532 1273 intermissam
2607 1218 2740 1295 per
2813 1218 3016 1289 eum,
3073 1193 3178 1268 uti
3277 1220 3286 1229 ·

244 1320 485 1394 moris
542 1326 673 1409 est,
732 1319 1044 1414 quinque
1098 1318 1488 1395 Missarum
1542 1320 1637 1395 ad
1690 1320 1944 1397 Altare
1999 1322 2230 1396 maius
2285 1319 2866 1411 celebrationem,
2923 1316 3169 1408 citare,

246 1465 567 1537 eumque
619 1439 713 1516 ad
768 1440 1355 1516 satisfaciendum
1410 1443 1568 1517 sine
1623 1445 1814 1518 omni
1872 1443 2215 1519 dilatione
2289 1440 2716 1517 authoritate
2791 1436 3171 1537 capitulari

248 1586 529 1659 eogere
565 1562 952 1637 debebunt.
1012 1562 1126 1636 Ex
1175 1564 1437 1660 quibus
1491 1565 1777 1662 quidem
1836 1566 2083 1641 decem
2138 1564 2413 1639 Marcis
2466 1563 2778 1661 quinque
2829 1560 3172 1637 thesauro

246 1684 567 1761 Mensae
620 1684 1042 1782 capitularis
1110 1683 1303 1785 (loco
1374 1711 1615 1763 earum
1674 1711 1858 1785 quae
1915 1713 2007 1764 ex
2059 1686 2312 1763 eodem
2381 1685 2743 1778 thesaure,
2811 1682 2913 1761 uti
2966 1703 3171 1779 prae-

246 1808 560 1883 missum
616 1814 749 1901 est,
806 1808 1181 1905 expositae
1234 1808 1525 1911 fuerint)
1579 1812 1947 1905 inferrent,
2003 1811 2324 1906 reliquas
2375 1831 2550 1884 vero
2605 1807 2918 1903 quinque
2970 1802 3172 1879 Mar·

248 1953 389 2004 cas
458 1953 591 2027 pro
658 1929 1135 2006 luminaribus
1204 1931 1586 2008 Ecclesiae
1660 1941 2101 2008 convertent.
2195 1931 2409 2022 Quod
2464 1931 2530 2005 si
2578 1929 2653 2003 in
2706 1928 2846 2003 hac
2918 1926 3168 2001 decem

246 2052 671 2127 Marcarum
727 2075 1005 2127 summa
1060 2055 1504 2129 exsolvenda
1554 2055 1771 2130 iidem
1828 2054 2182 2130 Canonici
2234 2052 2449 2129 modo
2495 2048 2991 2148 suprascripto
3038 2068 3170 2145 per

248 2172 672 2272 Capitulum
727 2175 801 2249 in
855 2175 1159 2250 termino
1230 2176 1724 2272 condemnati,
1800 2177 2088 2253 remissi
2159 2184 2283 2251 aut
2351 2181 2811 2248 contumaces
2885 2168 3170 2260 fuerint,

246 2306 431 2372 tunc
501 2320 751 2371 carere
805 2297 1167 2372 debebunt
1222 2297 1843 2375 distributionibus
1915 2296 2388 2395 quotidianis,
2463 2295 2754 2392 optione
2827 2291 3040 2367 etiam
3103 2298 3178 2365 et

250 2418 679 2517 provisione
734 2417 1088 2494 Villarum
1145 2422 1835 2517 praestimonialium
1876 2430 1947 2496 et
1982 2422 2381 2495 Domorum
2437 2416 2986 2506 canonicalium,
3043 2410 3176 2487 sed

248 2549 330 2616 et
386 2540 715 2615 censuris
768 2541 1311 2636 ecclesiasticis,
1370 2545 1793 2640 praesertim
1850 2566 2023 2619 vero
2061 2543 2156 2636 hi,
2216 2542 2338 2638 qui
2373 2538 2611 2615 adhuc
2645 2539 2720 2612 in
2759 2536 2990 2613 sacris
3027 2557 3173 2610 non

252 2670 529 2754 essent,
589 2663 885 2737 arbitrio
940 2661 1259 2761 Capituli
1312 2666 1403 2739 ad
1458 2666 1530 2739 id
1590 2667 1927 2763 compelli
1982 2665 2314 2763 poterint,
2377 2685 2603 2760 usque
2642 2660 2737 2735 ad
2777 2658 3176 2757 plenariam

250 2808 539 2881 poenae
598 2785 1136 2881 suprascriptae
1192 2786 1439 2861 decem
1496 2788 1903 2863 Marcarum
1962 2786 2506 2862 exsolutionem.
2566 2782 2648 2859 Si
2699 2804 2876 2856 vero
2935 2803 3026 2854 ex
3063 2800 3177 2854 re-

250 2907 663 2981 sidentibus
716 2906 977 3001 aliquis
1031 2907 1523 2985 Praelatorum
1582 2911 1700 2985 vel
1754 2909 2284 2985 Canonicorum
2339 2932 2521 2984 onus
2571 2903 2880 3007 praefati
2933 2910 3173 2987 extra-

250 3026 605 3103 ordinarii
662 3029 847 3103 turni
903 3051 1035 3126 per
1070 3053 1149 3103 se
1205 3032 1323 3105 vel
1378 3055 1508 3129 per
1560 3033 1777 3108 alium
1833 3034 2165 3108 Fratrem
2207 3056 2362 3111 non
2418 3028 2820 3127 expleverit
2873 3032 2997 3101 aut
3049 3046 3176 3097 ex-

250 3149 463 3248 plere
518 3152 1067 3248 contempserit,
1118 3154 1446 3229 arbitrio
1501 3154 1818 3253 Capituli
1870 3156 2148 3253 aliquot
2219 3155 2774 3255 septimanarum
2831 3146 3169 3224 distribu-

248 3271 577 3350 tionibus
632 3274 1068 3369 quotidianis
1124 3301 1371 3352 carere
1427 3279 1741 3354 debebit.
1809 3279 2247 3354 Procurator
2301 3301 2474 3353 vero
2527 3271 2894 3371 generalis
2949 3267 3174 3365 Capi·

250 3395 392 3469 tuli
443 3417 577 3492 pro
635 3419 769 3470 sua
821 3398 1265 3474 conscientia
1320 3424 1539 3499 super
1592 3402 1709 3476 his
1764 3403 2096 3477 omnibus
2145 3410 2216 3476 et
2252 3399 2562 3496 singulis
2618 3390 3170 3489 diligentissime

252 3517 823 3614 superintendat,
879 3544 971 3593 ne
1025 3521 1098 3594 in
1154 3531 1518 3617 posterum
1574 3524 1767 3598 ullae
1822 3523 2311 3619 negligentiae
2353 3522 2430 3596 in
2468 3514 2939 3594 decantandis
2993 3511 3172 3585 Mis-

252 3641 365 3714 sis
422 3641 967 3716 canonicalibus
1021 3643 1111 3716 ad
1159 3641 1412 3718 Altare
1468 3649 1698 3719 maius
1754 3646 2304 3719 committantur.
2361 3642 2572 3733 Quae
2609 3637 2898 3737 quidem
2935 3633 3176 3709 omnia

250 3771 331 3836 et
385 3762 674 3856 singula
725 3763 797 3836 in
855 3765 1219 3860 praesenti
1270 3766 1589 3841 Decreto
1646 3791 1996 3864 expressa
2050 3767 2356 3865 praefati
2408 3760 2819 3840 Reverendi
2873 3755 3170 3831 Domini

253 3882 677 3980 Capitulum
728 3886 949 3959 robur
1000 3895 1392 3984 perpetuae
1462 3889 1823 3964 firmitatis
1885 3890 2157 3964 habere
2211 3888 2627 3973 voluerunt,
2685 3890 2758 3956 et
2809 3901 2941 3978 pro
2999 3899 3168 3952 con-

196 4047 207 4056 ·
249 4006 661 4080 firmatione
711 4006 911 4082 illius
949 4008 1040 4081 ad
1077 4009 1788 4086 Reverendissimum
1841 4012 2234 4086 Dominum
2288 4008 2471 4082 Loci
2525 4003 2986 4080 Ordinarium
3044 4019 3167 4072 no-

251 4136 487 4201 strum
542 4151 729 4203 nunc
783 4130 857 4202 in
915 4129 1230 4221 Bozecin
1291 4141 1847 4207 commorantem
1901 4134 2379 4225 remittentes,
2439 4136 2510 4203 et
2560 4132 2943 4226 postquam
2999 4143 3170 4196 con·

247 4249 611 4322 firmatum
683 4250 933 4343 fuerit,
1016 4252 1090 4325 in
1166 4252 1509 4329 Codicem
1584 4251 2026 4329 Statutorum
2099 4252 2481 4330 Ecclesiae
2563 4245 3017 4324 referendum
3102 4246 3175 4316 et

254 4368 797 4447 inscribendum
852 4373 1399 4449 mandaverunt.

469 4495 585 4568 Ex
640 4494 1054 4570 Protocollo
1114 4494 1460 4572 Actorum
1516 4498 1979 4575 Venerabilis
2049 4497 2371 4597 Capituli
2448 4497 2832 4575 Ecclesiae
2906 4494 3178 4572 Cathe·

254 4615 492 4691 dralis
549 4615 1059 4692 Cracoviensis
1115 4619 1575 4717 descriptum.
1632 4621 2066 4697 Valentinus
2121 4621 2627 4697 Brzostowski
2677 4621 3048 4697 Notarius.

472 4737 631 4813 Nos
682 4739 926 4834 itaque
980 4743 1566 4836 praenominatus
1620 4743 2038 4841 Episcopus
2093 4745 2618 4842 praeinsertum
2673 4742 3027 4819 Statutum
3071 4742 3174 4819 uti

254 4861 525 4935 iustum
583 4867 655 4936 et
703 4860 1099 4956 legitimum
1158 4887 1323 4938 esse
1379 4865 1942 4963 perspicientes,
2008 4866 2083 4939 in
2137 4866 2319 4941 illud
2374 4891 2463 4940 ac
2518 4867 2584 4940 si
2635 4865 2780 4962 ipsi
2831 4886 3176 4962 praesen-

257 4992 376 5057 tes
430 4982 501 5055 in
560 4981 899 5080 Capitulo
952 4986 1303 5079 generali,
1362 4985 1450 5060 de
1506 5009 1648 5082 quo
1702 4986 1774 5060 in
1814 4996 2208 5062 memorato
2268 4985 2547 5063 Statuto
2601 4989 2794 5060 facta
2831 4995 2943 5061 est
2983 5010 3176 5060 men-

258 5105 387 5197 tio,
443 5105 1045 5200 interfuissemus,
1101 5108 1411 5196 libenter
1446 5109 1955 5201 consentimus,
2013 5109 2398 5206 ipsumque
2433 5108 2868 5184 authoritate
2920 5116 3167 5182 nostra

259 5225 629 5302 ordinaria
680 5229 1169 5325 approbamus
1224 5241 1297 5304 et
1350 5231 1875 5320 confirmamus,
1941 5231 2444 5323 decernentes,
2500 5239 2579 5304 ut
2630 5229 2774 5303 vim
2830 5236 2903 5305 et
2953 5229 3173 5304 robur

261 5357 655 5446 perpetuae
708 5351 1067 5426 firmitatis
1121 5352 1491 5427 obtineat-
1536 5352 1619 5426 In
1677 5352 1881 5431 cuius
1935 5352 2044 5428 rei
2096 5353 2313 5427 fidem
2368 5361 2439 5427 et
2491 5349 2791 5426 evidens
2847 5350 3164 5425 testimo-
