4055 6364
1406 796 1511 810 ..
1618 750 1716 828 95
1797 795 1925 845 ..-

188 982 343 1055 que
402 960 645 1055 Regni
698 960 1081 1058 Principes
1134 984 1265 1059 pro
1318 962 1963 1038 intercessionibus
2018 961 2460 1057 confugisse,
2520 961 2820 1057 Nosque
2872 962 2944 1035 in
2995 984 3114 1036 eo-

188 1104 363 1155 rum
439 1081 679 1157 odium
754 1106 1275 1181 saepenumero
1346 1082 1775 1182 deduxisse3
1831 1084 1989 1160 Nos
2053 1085 2125 1157 in
2181 1084 2322 1158 hoc
2399 1084 2726 1177 generali
2781 1082 3118 1179 Capitulo

190 1206 675 1299 congregati,
748 1204 1080 1279 volentes
1146 1214 1289 1280 tam
1361 1208 1552 1281 taxis
1626 1206 1716 1280 de
1790 1214 2072 1280 caetero
2146 1205 2556 1298 solvendis,
2631 1228 2842 1300 quam
2901 1204 3116 1278 etiam

190 1324 627 1423 Principum
685 1327 873 1401 odiis
928 1335 999 1401 et
1051 1326 1217 1401 aliis
1270 1327 1745 1402 incommodis
1800 1326 2197 1420 evitandis,
2255 1325 3114 1424 opportuneconsulere,

192 1448 713 1542 corrigendum
782 1455 855 1523 et
908 1449 1418 1523 declarandum
1492 1448 1825 1524 duximus
1898 1447 2248 1523 Statutum
2323 1458 2530 1522 vetus
2603 1446 2694 1521 de
2749 1448 3118 1521 solvendis

192 1569 401 1641 taxis
454 1570 901 1667 praedictum
958 1572 1409 1665 corrigimus,
1469 1572 1946 1646 rectificamus
2002 1580 2074 1645 et
2111 1571 2562 1645 declaramus
2613 1571 2934 1644 Decreto
2991 1592 3116 1643 no-

194 1698 360 1763 stro
416 1694 820 1787 praesenti,
888 1699 1287 1767 statuentes
1342 1703 1415 1767 et
1468 1694 1973 1768 decernentes:
2032 1700 2110 1768 ut
2163 1691 2423 1766 amodo
2479 1699 2551 1764 et
2603 1692 2950 1790 deinceps
3005 1691 3116 1764 fu-

194 1812 393 1886 turis
448 1814 894 1910 temporibus
950 1816 1339 1911 perpetuis,
1398 1817 1805 1912 quicunque
1857 1816 2332 1889 Dominorum
2391 1838 2483 1888 ex
2541 1815 2818 1907 gremio
2871 1822 3119 1887 nostro

196 1934 499 2009 domum
556 1937 872 2032 aliquam
928 1946 1245 2011 nostram
1320 1939 1788 2035 capitularem
1846 1938 2241 2034 optaverit,
2319 1938 2408 2012 de
2463 1962 2691 2034 eaque
2747 1937 2890 2010 sibi
2943 1958 3113 2033 pro·

195 2057 447 2132 videri
498 2059 808 2154 petierit,
864 2059 1218 2134 eiusmodi
1276 2059 1531 2135 domus
1587 2060 1899 2134 conferri
1953 2059 2096 2133 sibi
2149 2081 2291 2132 non
2332 2060 2612 2147 debeat,
2671 2082 2804 2133 nec
2861 2060 3115 2155 possit,

196 2180 353 2253 nisi
412 2182 607 2275 prius
661 2190 737 2253 et
788 2189 953 2255 ante
1009 2182 1248 2256 omnia
1317 2190 1557 2256 taxam
1610 2182 1809 2256 illius
1880 2182 2205 2279 plenarie
2261 2191 2332 2255 et
2385 2207 2477 2255 ex
2530 2191 2680 2255 toto
2734 2182 2807 2254 in
2865 2204 3119 2255 manus

196 2300 763 2376 Procuratorum
802 2312 1206 2379 nostrorum
1257 2305 1626 2400 exsolvat3
1682 2305 2001 2400 alioquin
2057 2327 2198 2377 non
2239 2304 2477 2378 soluta
2529 2314 2698 2378 taxa
2751 2304 3117 2400 repulsam

197 2424 529 2516 auferat,
602 2423 1089 2520 inhabilisque
1142 2425 1237 2499 ad
1294 2426 1682 2523 optandum
1738 2433 1811 2500 et
1863 2426 2382 2523 acceptandum
2455 2427 2674 2525 illam,
2713 2434 3114 2500 censeatur.

200 2542 427 2634 Quod
500 2544 787 2641 quidem
855 2547 1247 2621 Decretum
1314 2556 1631 2622 nostrum
1684 2556 1763 2622 ut
1816 2547 2132 2621 debitum
2209 2572 2416 2623 suum
2487 2549 2708 2623 robur
2775 2548 3114 2639 obtineat,

199 2666 373 2742 Nos
424 2668 871 2766 infrascripti
922 2670 1341 2743 iuramentis
1396 2671 1665 2743 nostris
1721 2693 1971 2744 omncs
2010 2678 2083 2743 et
2118 2670 2410 2765 singuli,
2467 2672 2681 2745 tactis
2735 2692 3116 2744 sacrosan-

202 2786 350 2863 e'tis
408 2789 795 2885 Evangelii
851 2788 1271 2888 ScripturiS,
1327 2792 1791 2867 firmavimus.

1517 3102 1828 3206 CXIV.

210 3306 319 3390 De
360 3308 1053 3394 Annivm-sariorum
1113 3313 1596 3412 portionibus.
1653 3312 1861 3396 Anno
1920 3312 2188 3395 Domini
2241 3313 2621 3396 millesimo
2668 3310 3115 3414 (minuente-

1100 3435 1286 3518 simo
1342 3436 1833 3537 sexagesimo
1892 3436 2236 3537 septimo.

422 3644 539 3718 De
596 3655 669 3718 et
722 3668 940 3744 super
980 3644 1673 3722 Anniversariorum
1737 3647 2229 3745 portionibus,
2300 3645 2657 3743 quomodo
2713 3646 2995 3721 scilicet
3049 3654 3121 3719 et

208 3766 341 3862 qui
393 3767 866 3842 Dominorum
924 3792 1165 3844 eorum
1206 3793 1516 3867 capaces
1556 3793 1719 3848 esse
1768 3769 2095 3864 debeant,
2150 3767 2564 3843 Reverendi
2621 3769 2913 3843 Domini
2965 3769 3114 3842 De-

211 3897 491 3963 cretum
563 3914 766 3965 suum
838 3892 1236 3989 capitulare
1308 3890 1521 3966 Anno
1596 3893 1891 3966 Domini
1952 3890 2190 3984 1552,
2263 3891 2406 3964 Die
2459 3890 2711 3966 Tertia
2777 3889 3120 3966 Octobris

208 4011 481 4103 latum,
554 4010 743 4108 quod
819 4013 1102 4109 quidem
1176 4012 1435 4089 statuti
1508 4014 1932 4112 capitularis
2004 4012 2094 4087 de
2167 4011 2708 4088 Anniversariis
2780 4013 2953 4086 editi
3009 4020 3120 4085 est

212 4133 755 4227 declarativum,
812 4135 905 4208 ad
959 4159 1269 4230 unguem
1326 4159 1492 4210 esse
1547 4136 2074 4212 observandum
2131 4144 2202 4209 et
2244 4135 2318 4209 in
2356 4137 2776 4211 executione
2831 4157 3119 4232 semper

210 4255 624 4351 tenendum,
680 4255 1156 4333 decreverunt
1207 4266 1279 4332 et
1332 4258 1859 4333 concluserunt.

1531 4572 1798 4673 CXV.

214 4783 327 4863 De
384 4780 677 4863 decima
740 4780 1134 4882 Reatinus,
1205 4779 1518 4883 eiusque
1575 4779 1780 4862 Anno
1844 4782 2169 4882 uratiae.
2239 4783 2307 4863 Ιη
2370 4779 2701 4882 uenerati
2761 4777 3115 4880 capitulo,

213 4903 428 4986 Anno
460 4902 731 4984 Domini
762 4902 1138 4986 millesimo
1170 4903 1775 5005 ssuinuentesimo
1806 4904 2297 5006 sexagesimo
2331 4921 2541 5001 nono,
2581 4903 2706 4982 7¹³¹·
2737 4900 3114 4985 octobris.

396 5115 546 5187 'De
601 5122 672 5188 et
706 5139 927 5214 super
980 5116 1284 5208 Decima
1338 5115 1768 5213 manipulari
1805 5141 1895 5192 ex
1931 5119 2266 5192 universo
2319 5115 2544 5192 fundo
2596 5114 2841 5190 Villae
2897 5113 3116 5188 Brze-

214 5235 333 5308 zie
402 5238 1013 5334 praestimonialis
1084 5240 1571 5333 excrescenti,
1647 5263 1832 5335 quae
1903 5263 2190 5338 semper
2259 5239 2350 5314 dc
2413 5239 2852 5336 proprietate
2921 5235 3119 5311 illius

214 5357 574 5453 Regentis
631 5361 899 5456 existit,
957 5385 1049 5436 an
1105 5385 1263 5437 cum
1320 5361 1689 5436 seminatis
1744 5369 1815 5435 et
1870 5363 2260 5438 elaboratis
2311 5363 2387 5435 in
2443 5358 2774 5459 praedio,
2831 5358 3117 5434 nomine
