4055 6364
2091 761 2650 840 -306—

926 969 1273 1037 illustribus
1317 970 1873 1037 Reverendissimis
1918 970 2202 1038 Dominis
2248 969 2494 1035 Rectori
2543 973 2607 1036 et
2653 972 3081 1037 Provisoribus
3125 971 3445 1036 Ecclesiae
3491 971 3550 1035 S.
3591 970 3812 1035 Steni-

929 1072 1045 1137 slai
1090 1072 1372 1139 Nationis
1419 1073 1798 1141 Polonorum
1840 1074 1905 1139 in
1952 1074 2120 1141 Urbe
2165 1073 2610 1159 significamus.
2675 1074 2833 1155 Quia
2877 1074 3011 1141 Nos
3057 1076 3136 1141 ad
3171 1075 3599 1141 fundationem
3643 1075 3812 1139 Alu-

926 1179 1179 1246 mnatus
1228 1176 1676 1261 Grodzicciani‚
1723 1198 1833 1261 per
1878 1179 2310 1245 Perillustrem
2353 1178 2961 1245 Reverendissimum
3018 1181 3166 1247 olim
3213 1180 3552 1262 Iosephum
3599 1180 3812 1245 Bene·

928 1280 1161 1347 dictum
1209 1281 1535 1349 Grodzicki
1583 1282 1960 1350 canonicum
2006 1284 2323 1349 Ecclesiae
2370 1284 2618 1349 nostrae
2681 1282 3070 1350 Cathedralis
3121 1282 3296 1349 Anno
3333 1283 3587 1348 Domini
3637 1281 3815 1346 1763

928 1386 1089 1451 circa
1134 1388 1365 1453 dictam
1412 1388 1758 1455 Ecclesiam
1800 1388 2036 1455 Romae
2085 1390 2292 1467 erecti,
2359 1387 2478 1453 iuri
2524 1390 2899 1456 Patronatns
2966 1387 3240 1470 Capituli
3285 1387 3486 1453 nostri
3537 1406 3574 1451 a
3620 1406 3815 1471 prae-

928 1492 1242 1557 nominato
1287 1493 1348 1558 b.
1384 1512 1468 1558 m.
1510 1493 1861 1560 Fundatore
1897 1494 1960 1557 in
1992 1495 2360 1577 perpetuum
2404 1492 2687 1573 subiecti,
2737 1512 2846 1577 per
2881 1494 3226 1577 proximum
3273 1491 3609 1557 triennium
3659 1510 3813 1556 cum

928 1596 1213 1662 omnibus
1259 1598 1694 1663 emolumentis
1739 1598 2252 1681 participandam,
2291 1618 2402 1681 pro
2439 1598 2570 1663 iure
2615 1601 2829 1664 nostro
2880 1598 3169 1682 eligimus
3225 1598 3288 1661 et
3350 1596 3836 1688 nominavimus¹

924 1699 1245 1765 Illustrem
1304 1700 1661 1777 Admodum
1721 1702 2154 1769 Reverendum
2197 1702 2273 1768 N.
2324 1702 2404 1767 N.
2455 1702 2898 1787 Presbyterum
2964 1701 3282 1767 Dioecesis
3339 1698 3812 1777 cracoviensiS,

926 1802 1005 1867 de
1050 1803 1243 1869 nobili
1289 1824 1513 1888 genere
1559 1807 1951 1889 progenitum
1995 1824 2068 1872 ac
2114 1808 2402 1874 omnibus
2447 1807 2858 1890 qualitatibus
2903 1826 3017 1889 per
3057 1806 3452 1872 Erectionem
3499 1805 3814 1871 Alumna-

926 1908 1028 1973 tus
1075 1908 1391 1991 requisitis
1453 1911 1828 1993 praeditum.
1894 1910 2012 1991 Qui
2061 1912 2320 1993 proinde
2347 1974 2352 1979 ,
2376 1913 2610 1977 electus
2654 1911 2961 1976 Alumnus
3026 1912 3096 1975 ut
3139 1911 3218 1975 ad
3264 1908 3814 1993 participationem

925 2016 1331 2094 proventuum
1374 2033 1439 2080 se
1477 2015 2000 2093 concernentium,
2045 2016 2124 2081 ad
2157 2014 2692 2099 participationem
2728 2014 2794 2079 in
2823 2016 3005 2082 domo
3043 2014 3365 2093 nationali,
3412 2032 3486 2079 ac
3522 2014 3812 2078 omnium

929 2117 1487 2184 emolumentorum
1527 2119 1978 2202 praenominati
2012 2120 2389 2185 Alumnatus
2427 2118 2854 2187 Grodzicciani
2891 2138 3002 2204 per
3035 2104 3370 2183 triennium
3409 2118 3808 2197 admittatur,

926 2225 1287 2303 praesentes
1334 2224 1390 2289 ei
1432 2223 1674 2289 Literas
1741 2224 2062 2291 electionis
2124 2224 2188 2290 et
2230 2224 2668 2290 nominationis
2737 2224 3150 2307 indulgemus.
3213 2222 3520 2288 Volumus
3567 2223 3811 2305 antem,

926 2326 999 2389 ut
1039 2344 1149 2408 per
1186 2326 1451 2392 eundem
1488 2327 1829 2392 Alumnum
1875 2330 2182 2403 nostrum,
2236 2330 2297 2393 et
2334 2348 2443 2409 per
2480 2328 2732 2411 quosvis
2779 2328 2935 2393 alios
2971 2328 3036 2393 in
3072 2327 3402 2393 Erectione
3449 2345 3810 2408 expressos,

926 2430 1311 2514 praescripta
1354 2430 1630 2496 eiusdem
1680 2431 2027 2497 Erectionis
2074 2433 2416 2516 respectiva
2463 2431 2941 2514 adimpleantur.
3008 2429 3176 2510 Quas
3233 2435 3479 2495 nostras
3545 2429 3810 2496 electio-

927 2533 1027 2599 nis
1092 2536 1155 2599 et
1211 2535 1651 2601 nominationis
1714 2535 1957 2601 Literas
2023 2555 2204 2601 manu
2268 2535 2792 2601 Reverendissimi
2857 2534 3105 2599 Domini
3165 2534 3590 2600 Praesidentis
3643 2536 3808 2599 sub-

926 2638 1213 2721 scriptas,
1266 2636 1487 2721 Sigillo
1551 2640 1766 2704 nostro
1830 2642 2197 2705 communiri
2261 2640 2576 2705 iussimus
2655 2639 2880 2705 Datum
2946 2637 3276 2705 'cracoviae
3321 2638 3388 2703 in
3433 2638 3628 2704 stuba
3673 2635 3808 2702 Ca-

926 2741 1200 2823 pitnlari,
1253 2741 1351 2808 die
1401 2742 1434 2805 1
1484 2741 1771 2809 Octobris
1821 2742 2007 2811 1784.
