4055 6364
1438 723 1999 801 -267—

254 930 321 995 et
356 929 435 994 de
464 929 727 995 consilio
774 927 1049 1012 Capituli
1077 930 1387 1014 generalis
1432 932 1599 998 bona
1644 931 1945 997 derelicta
1988 931 2056 997 in
2101 931 2452 1016 praemium
2499 932 2872 999 servitorum
2896 982 2913 1013 ‚
2981 933 3155 1000 solu-

251 1032 494 1099 tionem
539 1032 915 1113 debitorum,
965 1035 1029 1099 et
1072 1033 1211 1117 pios
1256 1053 1412 1102 usus
1458 1037 1845 1101 convertant.
1920 1034 2264 1119 Impedito,
2311 1054 2415 1103 res
2451 1036 2518 1101 et
2561 1039 2970 1120 occupatores
3015 1055 3155 1103 ma-

254 1136 375 1206 iori
420 1137 736 1205 sententia
779 1138 1162 1204 innodantur
1202 1139 1220 1203 i
1229 1156 1342 1221 pso
1389 1138 1579 1205 facto.

256 1328 937 1395 Deformitatem
1001 1330 1085 1394 et
1143 1328 1721 1413 ignominiam.
1790 1328 1979 1413 (Stat.
2027 1328 2322 1414 XXVII).

464 1432 561 1498 Ne
612 1436 679 1498 in
732 1432 1014 1499 Ecclesia
1061 1430 1458 1499 Cracoviensi
1520 1435 1945 1501 committatur
2007 1432 2374 1500 deformitas
2432 1435 2498 1499 in
2561 1434 2701 1501 aliis
2758 1435 2980 1520 vigens
3033 1437 3156 1503 Ec·

256 1534 491 1615 clesiis‚
540 1536 755 1602 nullus
797 1536 1067 1602 vicarius
1114 1537 1515 1613 canonicalis,
1580 1540 1689 1603 aut
1735 1537 2067 1605 ecclesiam
2111 1538 2563 1621 parochialem,
2633 1545 2744 1605 aut
2787 1540 3161 1608 beneficium

256 1641 545 1705 curatum
610 1642 983 1707 consecutus
1006 1689 1023 1720 ‚
1110 1641 1425 1708 ministret
1485 1662 1599 1726 per
1642 1642 2097 1720 substitutum3
2165 1644 2544 1709 contrarium
2597 1642 2836 1709 faciens
2882 1643 3162 1728 privatur

254 1744 400 1827 ipso
444 1744 613 1810 facte
657 1744 891 1811 vicaria
935 1744 1151 1811 habita
1198 1746 1263 1811 et
1305 1744 1613 1811 habenda.
1697 1744 2048 1812 Canonicus
2098 1765 2347 1829 quoque
2390 1746 2514 1813 fine
2557 1747 2848 1813 teneatur
2891 1747 3161 1815 alterum

254 1850 681 1931 praesentare,
730 1847 1185 1914 instituendum
1211 1866 1249 1913 a
1278 1848 1554 1928 Decano‚
1592 1848 2012 1915 excludendus
2059 1869 2096 1914 a
2142 1850 2582 1917 refectionibus
2630 1851 2695 1917 et
2739 1849 3050 1936 Capitulo,
3097 1856 3163 1919 et

255 1950 555 2019 inhabilis
601 1951 950 2019 censendus
1014 1953 1095 2018 ad
1157 1953 1413 2020 domum
1459 1954 1523 2019 et
1565 1953 1781 2019 villam
1826 1954 2440 2036 praestimonialem,
2491 1955 2548 2020 si
2592 1973 2718 2023 non
2779 1958 3159 2039 praesentat.

256 2056 343 2121 Et
386 2053 706 2123 statutum
750 2074 1047 2139 praesens
1089 2057 1455 2123 extendetur
1495 2058 1684 2124 etiam
1732 2057 1811 2123 ad
1849 2077 2066 2125 omnes
2105 2057 2489 2145 collegiatas
2526 2058 2842 2125 Ecclesiae
2889 2060 3158 2127 Dioece·

258 2178 407 2227 sees
452 2159 911 2228 Cracoviensis.

257 2350 615 2417 Gloriae
660 2351 1068 2434 perennis
1116 2352 1491 2418 obtentu.
1541 2352 1725 2437 (Stat.
1774 2352 2034 2435 XXIX).

467 2452 655 2535 Item,
706 2455 968 2539 quilibet
1012 2456 1077 2521 in
1120 2455 1503 2539 Episcopum
1550 2454 2030 2522 cracoviensem
2075 2458 2422 2541 promotus,
2490 2456 2652 2524 infra
2694 2475 2928 2524 annum
2974 2476 3014 2523 a
3057 2457 3161 2524 die

254 2558 559 2643 pacificae
618 2560 1037 2643 possessionis
1084 2561 1333 2627 tenetur
1377 2579 1672 2644 sponsam
1720 2577 1921 2640 suam,
1973 2559 2454 2627 cracoviensem
2516 2561 2902 2643 Ecclesiam,
2967 2562 3162 2629 calice

255 2681 472 2741 aureo,
522 2663 599 2729 ad
630 2662 839 2731 minus
884 2664 1171 2731 ducentis
1216 2664 1468 2731 florenis
1514 2664 1949 2749 appendendo,
2000 2666 2326 2732 honorare.

255 2871 377 2937 Ad
442 2870 983 2956 singularem
1045 2875 1871 2941 commendationem
1932 2872 2124 2954 (Stat.
2169 2872 2401 2956 XXX).

466 2974 785 3061 Abrogato
824 2976 1017 3041 veteri
1054 2975 1325 3057 Statuto,
1368 2978 1691 3044 ordinatur
1728 2977 1790 3043 et
1824 2978 2144 3059 statuitur,
2186 2980 2258 3043 ut
2286 2977 2554 3061 quilibet
2585 2976 2653 3042 in
2687 2975 2972 3043 Ecclesia
3007 2976 3161 3044 Cra·

256 3079 538 3147 coviensi
584 3080 945 3146 installatus
992 3083 1059 3147 et
1100 3082 1523 3149 installandus
1570 3084 1773 3149 solvat
1818 3082 1977 3147 infra
2021 3101 2337 3166 mensem,
2401 3082 2520 3149 sub
2569 3082 2870 3162 censuris,
2920 3082 3162 3149 duode-

256 3185 381 3249 cim
426 3202 675 3250 marcas
722 3184 1005 3252 Ecclesie
1048 3205 1163 3270 pro
1210 3206 1429 3272 cappa,
1481 3190 1547 3253 et
1579 3187 1877 3271 pecuniae
1924 3186 2285 3252 huiusmodi
2331 3205 2457 3253 non
2504 3187 2568 3251 in
2607 3204 2836 3269 cappas
2882 3186 3163 3251 tantum-

254 3288 469 3368 modo,
522 3290 634 3355 sed
682 3291 743 3354 in
782 3290 1191 3356 necessitates
1237 3275 1417 3371 alias,
1467 3291 1840 3376 capitulares
1879 3291 2203 3374 duntaxat,
2253 3291 2330 3357 de
2367 3290 2629 3357 consilio
2667 3288 2963 3375 Capituli,
3011 3308 3160 3374 pos·

254 3394 411 3458 sunt
454 3396 764 3460 conventi.
857 3393 1017 3461 Item
1064 3413 1253 3460 unam
1302 3413 1575 3462 marcam
1620 3415 1735 3482 pro
1781 3396 2050 3476 vicariis,
2103 3396 2363 3461 alteram
2409 3414 2520 3480 pro
2567 3394 2811 3461 notario
2858 3393 3159 3478 Capituli,

254 3497 323 3562 et
369 3497 622 3564 scholae
668 3498 991 3582 magistro.

255 3687 699 3778 Anti-quae
746 3689 1372 3755 consuetudini
1432 3689 1621 3774 (Stat.
1670 3689 1936 3773 XXXI).

469 3789 881 3858 commutans
925 3793 1345 3877 praelaturam
1387 3794 1487 3859 vel
1533 3793 1949 3876 praebendam
1981 3790 2478 3870 cracoviensem,
2528 3810 2640 3876 pro
2668 3790 3025 3874 praelatura
3054 3790 3155 3857 vel

250 3895 618 3981 praebenda
682 3897 873 3963 etiam
920 3893 1357 3975 cracoviensi,
1426 3899 1537 3962 aut
1580 3897 1772 3962 aliam
1820 3896 2148 3962 meliorem
2193 3895 2294 3962 vel
2338 3894 2694 3960 inferiorem
2760 3894 2982 3977 optans
3046 3894 3146 3960 vel

251 4000 584 4084 recipiens,
635 4003 699 4066 et
744 4001 797 4065 si
843 4000 923 4066 de
960 4020 1120 4067 novo
1158 4001 1385 4068 debeat
1420 4002 1611 4085 recipi
1652 4002 1716 4066 et
1747 4000 2080 4080 installari,
2131 4019 2256 4066 non
2294 3998 2594 4064 ammittit
2628 4001 2839 4064 tamen
2881 3997 3144 4082 senium,

250 4105 466 4170 locum
514 4106 625 4169 aut
669 4103 981 4184 ordinem,
1052 4125 1167 4170 nec
1213 4107 1454 4172 solvere
1515 4108 1763 4172 tenetur
1808 4124 2110 4189 cappam,
2178 4105 2288 4169 aut
2333 4103 2457 4169 alia
2498 4103 2633 4168 iura
2678 4121 2789 4186 pro
2835 4102 3139 4180 Ecclesia,

254 4207 505 4275 vicariis
543 4209 656 4274 aut
700 4209 969 4277 notario.

253 4397 907 4479 Quemadmodum
953 4399 1207 4466 status
1251 4399 1656 4466 Ecclesiae
1700 4399 2043 4464 nostrae.
2108 4395 2293 4480 (Stat.
2342 4394 2636 4475 XXXII).

464 4501 645 4569 Bona
685 4521 943 4570 mensae
989 4502 1368 4586 episcopalis
1407 4504 1471 4569 et
1506 4501 1780 4586 Capituli
1813 4499 2242 4568 cracoviensis
2288 4501 2368 4566 ad
2414 4499 2907 4584 praestationem
2949 4499 3146 4566 ferto·

255 4625 433 4686 num,
464 4608 623 4673 alias
676 4605 1018 4691 Woyenne‚
1070 4607 1134 4674 et
1178 4607 1443 4672 aliarum
1489 4606 1828 4687 datiarum,
1881 4606 1946 4673 et
1988 4605 2337 4672 stationum
2381 4620 2496 4688 pro
2541 4601 2737 4689 Rege,
2789 4601 3045 4688 ‚Regina
3090 4606 3154 4670 et

254 4711 399 4778 aliis
446 4711 845 4795 Principibus
868 4761 885 4789 ‚
934 4713 1051 4778 sub
1100 4729 1471 4794 quocunque
1517 4712 1725 4777 colore
1770 4711 1835 4778 et
1876 4709 2120 4776 actione
2164 4707 2317 4777 belli
2363 4709 2674 4794 generalis
2718 4708 2830 4775 aut
2873 4709 3149 4792 particu-

250 4817 431 4897 laris,
480 4818 545 4882 et
588 4816 1013 4899 cuiuscunque
1060 4815 1479 4894 necessitatis,
1530 4833 1640 4898 per
1682 4813 2032 4898 Episcopos
2081 4832 2204 4879 non
2252 4812 2484 4898 debent
2530 4811 2775 4897 stringi.

252 5007 340 5074 In
386 5026 655 5092 magna
700 5007 774 5074 et
819 5006 1164 5075 notabili
1208 5007 1451 5089 parte.
1504 5005 1692 5090 (Stat.
1744 5003 2074 5089 XXXIII).

464 5105 647 5190 Item,
694 5128 807 5196 pro
851 5111 1187 5178 fundandis
1232 5111 1409 5177 novis
1472 5108 1890 5190 monasteriis,
1940 5107 2265 5188 altaribus,
2332 5104 2741 5192 praebendis,
2793 5103 3161 5190 collegiatis

257 5218 598 5294 Ecclesiis,
666 5216 1130 5297 mansionarii8‚
1182 5214 1581 5300 psalteristiis
1628 5216 1693 5281 et
1746 5213 2220 5298 quibuscunque
2275 5211 2624 5288 beneficiis,
2675 5211 2785 5276 aut
2826 5210 2890 5275 in
2933 5207 3162 5293 impin-

256 5325 622 5409 guationem
669 5322 909 5388 dudum
950 5320 1354 5387 fundatorum
1383 5367 1401 5399 ,
1470 5318 1877 5385 alienationes
1925 5317 2001 5383 de
2049 5335 2265 5384 mensa
2309 5315 2650 5399 episcopali
2693 5313 2991 5398 Episcopi
3037 5332 3164 5380 non
