4055 6364
1546 756 2060 835 ...69-

328 970 657 1068 pientes,
716 968 1097 1045 statuimus
1150 976 1500 1069 perpetuo
1552 968 2108 1065 observandum,
2161 978 2240 1045 ut
2293 970 2572 1047 Domos
2627 978 2700 1047 et
2738 972 3264 1050 Praestimonia

332 1090 677 1191 Capituli
728 1094 956 1168 nostri
1006 1092 1384 1192 praedicti,
1442 1093 1712 1169 nemini
1765 1092 2111 1192 deinceps
2165 1102 2546 1185 extraneo,
2619 1096 2836 1169 etiam
2889 1095 3264 1195 Episcopo

334 1214 537 1308 dari,
590 1221 715 1289 aut
767 1216 1080 1291 conferri
1130 1216 1417 1315 possint
1466 1216 1589 1291 vel
1640 1214 1952 1291 debeant
2004 1218 2258 1314 quovis
2310 1216 2552 1292 modo.
2609 1216 2824 1308 Quod
2878 1219 2946 1293 si
2995 1220 3268 1317 aliquis

334 1336 849 1411 Praelatorum
919 1338 1039 1413 vel
1111 1336 1639 1414 Canonicorum
1717 1338 2042 1414 eiusdem
2123 1338 2504 1415 Ecclesiae
2575 1339 2669 1415 ad
2739 1339 3264 1440 Episcopatum

333 1468 899 1558 promoveatur,
972 1482 1131 1535 cum
1188 1461 1507 1559 alioquin
1563 1465 1720 1539 eius
1774 1464 2130 1540 beneficia
2202 1488 2336 1563 per
2388 1488 2644 1541 munus
2699 1468 3265 1543 consecrationis

336 1590 639 1677 vacent,
694 1590 909 1681 atque
962 1584 1064 1658 ita
1099 1584 1429 1682 quisquis
1482 1608 1729 1662 eorum
1786 1586 2054 1661 desinit
2107 1610 2272 1662 esse
2327 1587 2712 1663 Praelatus
2766 1612 2898 1664 seu
2951 1588 3265 1666 Canoni-

338 1728 493 1781 cus
562 1706 943 1783 Ecclesiae
1012 1713 1343 1799 nostrae,
1417 1709 1750 1785 volumus
1816 1716 1891 1783 et
1941 1709 2396 1785 decernimus
2419 1767 2436 1802 ,
2513 1708 2705 1807 quod
2759 1719 2831 1786 et
2887 1710 3143 1787 domus
3196 1720 3270 1787 et

338 1828 891 1905 Praestimonia
941 1852 1073 1928 per
1124 1852 1254 1904 eos
1306 1828 1593 1927 habita,
1668 1854 1800 1930 per
1852 1854 2112 1908 munus
2172 1832 2736 1908 consecrationis
2790 1841 3052 1908 vacent
3102 1835 3268 1933 ipso

342 1954 597 2050 fact03
668 1950 999 2048 adeoque
1048 1951 1357 2027 liberum
1410 1953 1548 2028 erit
1599 1952 1937 2052 Capitulo
1993 1952 2467 2030 Cracoviensi
2519 1954 2774 2031 domus
2829 1964 2900 2030 et
2950 1955 3268 2032 Praesti-

342 2076 605 2149 monia
656 2076 797 2149 hoc
848 2073 1063 2149 modo
1114 2076 1472 2170 vacantia,
1530 2078 1859 2152 conferre
1934 2077 2196 2176 quibus
2249 2077 2475 2151 velint
2495 2134 2514 2171 ,
2577 2078 2778 2152 iuxta
2830 2076 3270 2156 Sta-tutorum

344 2194 886 2297 capitularium
951 2197 1519 2297 dispositionem.
1619 2199 1833 2290 Quod
1887 2201 1953 2275 si
2006 2200 2270 2297 aliquis
2323 2199 2854 2298 Episcoporum
2926 2201 3272 2302 deinceps

346 2320 621 2395 domus
673 2321 795 2395 vel
845 2321 1358 2419 praestimonia
1428 2323 1803 2420 praedicta
1865 2323 1937 2397 in
1993 2322 2512 2418 praeiudicium
2583 2322 2638 2398 J
2639 2324 2792 2397 uris
2854 2324 3273 2421 capitularis

344 2451 441 2518 et
488 2442 702 2517 huius
772 2441 1034 2519 Statuti
1102 2450 1463 2539 tenorem,
1538 2468 1669 2543 per
1736 2444 2232 2519 auctoritatem
2305 2440 2518 2518 Sedis
2587 2444 3058 2544 Apostolicae
3131 2448 3274 2522 sibi

346 2565 725 2641 reservari
794 2566 1325 2664 procuraverit,
1392 2590 1481 2641 eo
1532 2568 1731 2666 ipso,
1788 2574 2130 2664 tanquam
2185 2566 2240 2642 J
2245 2566 2475 2641 urium
2527 2554 2908 2643 Ecclesiae
2959 2569 3275 2643 violator

352 2697 443 2763 et
496 2687 665 2762 boni
716 2687 993 2783 publici
1046 2688 1482 2784 destructor,
1538 2690 1631 2764 ad
1686 2690 2120 2765 obtinendos
2175 2688 2529 2765 eiusmodi
2584 2689 2838 2764 domus
2892 2690 3010 2764 vel
3064 2715 3272 2788 prae-

354 2810 707 2886 stimonia
760 2810 855 2884 sit
904 2808 1251 2885 inhabilis
1302 2812 1467 2909 ipso
1520 2815 1735 2888 facto.
1824 2812 2041 2903 Quod
2097 2812 2452 2887 Statutum
2507 2811 2644 2887 sub
2697 2836 2936 2910 poena
2989 2836 3272 2889 exeom-

355 2931 871 3007 municationis
921 2932 1111 3006 latae
1166 2934 1603 3030 sententiae,
1660 2959 1871 3031 quam
1928 2935 2261 3030 singulae
2315 2958 2670 3032 personae
2724 2934 3078 3034 praedicti
3131 2935 3274 3011 Ca-

356 3055 585 3153 pituli
634 3056 865 3128 nostri
917 3061 1169 3128 contra
1239 3055 1380 3130 hoc
1449 3053 1803 3132 Statutum
1877 3058 2446 3151 consentientes,
2507 3080 2584 3131 se
2638 3058 2970 3133 noverint
3040 3059 3274 3134 iucur-

358 3164 585 3254 suros
634 3178 799 3276 ipso
850 3178 1067 3274 fact0,
1122 3177 1421 3254 firmiter
1474 3182 1849 3258 observari
1912 3185 2246 3258 volumus
2301 3189 2373 3256 et
2426 3178 2904 3256 decernimus.
2993 3180 3092 3256 Et
3144 3205 3276 3279 pro

354 3301 667 3376 firmiori
721 3300 1125 3398 praesentis
1178 3299 1441 3378 Statuti
1494 3305 1722 3380 nostri
1776 3306 2058 3381 cautela
2111 3313 2185 3380 et
2237 3307 2518 3398 robore,
2578 3326 2828 3378 omnes
2882 3312 2955 3379 et
3008 3305 3278 3399 singuli

356 3423 696 3501 Praelati
751 3431 823 3498 et
878 3420 1231 3498 Canonici
1284 3423 1604 3523 Capituli
1656 3427 2170 3503 Craeoviensis
2235 3426 2615 3523 corporale
2667 3433 3038 3522 praestent
3087 3427 3276 3502 iura-

359 3555 687 3623 mentum
710 3603 729 3640 ,
782 3546 924 3620 hoc
975 3547 1213 3648 ipsum
1264 3571 1615 3646 praesens
1669 3547 2025 3625 Statutum
2083 3547 2349 3623 dudum
2401 3555 2616 3622 antea
2653 3548 2938 3645 quidem
2986 3556 3278 3644 tentum,

360 3694 571 3745 nunc
618 3671 789 3744 item
842 3678 1295 3764 renovatum,
1367 3671 1883 3747 inviolabiliter
1934 3673 2354 3747 observare.
2447 3669 2661 3761 Quod
2715 3669 2806 3744 ad
2862 3679 3280 3768 perpetuam

362 3793 488 3868 rei
557 3791 968 3866 memoriam
1040 3791 1207 3867 aliis
1274 3793 1657 3868 Ecclesiae
1728 3801 1801 3868 et
1872 3793 2193 3891 Capituli
2264 3794 2610 3891 praefatis
2690 3791 2992 3868 Statutis
3061 3793 3283 3869 iurari

364 3914 640 4009 solitis,
696 3914 1155 4009 adiungimus
1206 3925 1279 3990 et
1329 3917 1898 4015 incorporamus.
1954 3917 2054 3991 Et
2105 3916 2605 3992 Juramentum
2662 3917 2750 3990 de
2807 3916 3282 3992 observandis

363 4037 763 4114 Ecclesiae
816 4045 1107 4112 nostrae
1160 4035 1465 4114 Statutis
1517 4039 2025 4114 introductioni
2079 4062 2424 4113 novorum
2477 4037 2975 4114 Praelatorum
3034 4047 3105 4112 et
3140 4037 3280 4114 Ca-

364 4161 798 4236 nonieorum
853 4161 1209 4259 praestari
1262 4162 1550 4235 solitum
1573 4219 1590 4254 ,
1648 4160 1738 4237 de
1791 4161 1933 4237 isto
1987 4185 2276 4258 quoque
2331 4160 2596 4236 debere
2658 4160 2970 4254 intelligi
3024 4184 3280 4259 perpe-

366 4293 503 4360 tuo
560 4290 631 4356 et
681 4283 757 4356 in
810 4305 1105 4378 aevum,
1162 4283 1493 4358 volumus
1548 4291 1620 4359 et
1672 4285 2143 4359 decernimus.
2211 4285 2481 4358 Datum
2535 4285 2612 4357 in
2668 4281 3007 4379 Capitulo
3059 4307 3281 4378 gene-

364 4405 519 4482 rali
574 4427 704 4503 pro
755 4385 944 4479 festo
994 4402 1529 4480 Purificationis
1581 4407 1820 4504 Divae
1874 4406 2206 4501 Virginis
2259 4405 2538 4479 Mariae
2595 4405 2981 4479 celebrato,
3058 4404 3314 4480 Prae-‘

374 4528 710 4605 sentibus
786 4525 1054 4601 ibidem
1125 4526 1758 4604 Reverendissimo
1810 4529 1887 4602 iu
1943 4527 2236 4604 Christo
2308 4527 2525 4602 Patre
2599 4535 2670 4600 et
2721 4525 3284 4602 Venerabilibus

360 4648 753 4726 Dominis:
834 4648 1054 4725 Petro
1127 4649 1561 4749 Wapowski
1637 4653 1980 4745 Decano,
2065 4651 2116 4727 J
2122 4675 2351 4726 oanne
2431 4648 2833 4725 Choienski
2915 4648 3284 4748 Episcopo

374 4773 933 4860 Praemisliensi
982 4770 1554 4867 Archidiacono,
1628 4773 2001 4848 Ber-nardo
2058 4773 2492 4872 Wapowski
2545 4770 2898 4866 Cantore,
2973 4771 3281 4846 Nicolao

365 4896 787 4972 ,Bedlenski
841 4895 1332 4990 Scholastico,
1388 4896 1606 4972 Petro
1660 4897 2040 4972 Konarski
2094 4895 2453 4990 Custode,
2527 4893 2579 4970 J
2583 4896 2812 4969 acobo
2867 4891 3283 4968 Staszkow-

378 5019 547 5115 ski,
598 5018 889 5096 Joanne
938 5019 1469 5113 Jakubowski,
1525 5019 1808 5094 Thema
1860 5018 2346 5112 Roinowski,
2422 5015 2784 5092 Stanislao
2839 5015 3282 5110 Cziasinski,

377 5143 437 5221 J
440 5143 669 5218 acobo
742 5141 1375 5238 Erdzieszowski,
1450 5139 1813 5217 Stanislao
1883 5141 2116 5215 Tarlo
2138 5197 2156 5234 ,
2231 5139 2283 5216 J
2287 5163 2520 5216 oanne
2571 5138 2847 5233 Laski,
2921 5135 3284 5212 Stanislao

380 5263 835 5354 Olesznicki‚
890 5265 1235 5341 Floriano
1288 5264 1627 5363 CzuryIO,
1694 5261 2058 5339 Stauislao
2111 5263 2275 5337 Biel
2331 5271 2402 5338 et
2453 5262 2764 5338 Nicolao
2813 5260 3282 5372 ‘Doctoribusg

382 5386 714 5487 Casparo
768 5387 1143 5484 Podlaski‚
1202 5383 1565 5464 Stanislao
1614 5386 1902 5482 Borek,
1956 5385 2009 5463 J
2013 5408 2243 5462 oanne
2295 5385 2367 5461 N
2371 5383 2835 5484 arampinski,
2891 5381 3286 5458 Benedicto
