4055 6364
2112 754 2634 833 —66—

921 978 996 1047 et
1048 993 1355 1046 assensu
1427 967 1970 1045 Venerabilium
2044 966 2515 1042 Dominorum
2588 966 3081 1041 praelatorum
3156 975 3226 1042 et
3278 966 3835 1071 Canonicorum‚

922 1095 1278 1191 totiusque
1355 1090 1674 1188 Capituli
1746 1088 2260 1165 Oracoviensis
2330 1089 2667 1163 Fratrum
2741 1099 3143 1165 nostrorum
3222 1089 3835 1179 charissimorum,

922 1239 1054 1314 pro
1109 1213 1447 1312 Capitulo
1498 1211 1828 1308 generali
1863 1219 2507 1307 congregatorum,
2566 1212 2943 1287 statuimus
2998 1220 3071 1287 et
3124 1212 3579 1289 ordinamus:
3635 1210 3837 1307 quod

925 1338 1274 1436 deinceps
1345 1336 1715 1435 perpetuis
1784 1334 2045 1410 futuris
2126 1334 2571 1431 temporibus
2658 1336 3033 1408 vacatione
3116 1335 3422 1411 alicuius
3492 1332 3841 1410 Vicariae

921 1459 1458 1558 quomodolibet
1514 1458 1999 1551 contingente,
2061 1454 2475 1530 Canonicus
2525 1456 2677 1551 ille,
2734 1455 2824 1531 ad
2885 1480 3095 1553 quem
3148 1456 3559 1532 huiusmodi
3608 1454 3839 1531 Vica-

919 1583 1073 1656 riae
1145 1580 1474 1656 vacantis
1547 1580 1838 1655 collatio
1892 1586 1966 1653 et
2014 1578 2505 1676 praesentatio
2578 1579 2971 1676 pertineat,
3046 1577 3303 1653 Virum
3369 1578 3707 1653 idoneum
3769 1586 3840 1651 et

923 1704 1399 1779 sufficientem
1452 1703 1640 1777 infra
1693 1702 1908 1777 trium
1960 1702 2311 1776 mensium
2376 1700 2754 1776 decursum
2811 1702 2904 1774 ad
2960 1702 3255 1799 probam
3310 1701 3627 1775 Domino
3680 1700 3836 1771 De-

925 1850 1109 1901 cano
1180 1849 1314 1923 pro
1387 1833 1710 1923 tempore
1782 1824 2119 1899 existenti
2188 1830 2655 1921 praesentare
2728 1823 3021 1898 debebit
3090 1832 3163 1898 et
3233 1824 3633 1918 tenebitur3
3706 1822 3838 1897 ubi

925 1973 1100 2025 vero
1151 1948 1344 2022 infra
1395 1945 1633 2021 dictos
1703 1955 1854 2021 tres
1905 1969 2198 2022 menses
2252 1970 2299 2019 a
2350 1948 2673 2043 tempore
2737 1946 3139 2019 vacationis
3191 1944 3532 2020 Vicariae
3582 1945 3834 2019 huius-

929 2069 1123 2145 modi
1177 2068 1679 2167 computando,
1738 2070 2071 2145 conferre
2124 2076 2195 2143 et
2247 2069 2601 2164 aliquem,
2666 2077 2746 2142 ut
2798 2067 3293 2163 praemittitur,
3366 2076 3836 2164 praesentare

926 2216 1068 2268 nou
1123 2191 1484 2268 curaverit
1535 2190 1655 2265 vel
1709 2191 2150 2285 neglexerit,
2217 2197 2479 2265 extunc
2534 2190 2891 2265 Dominus
2944 2190 3395 2288 Episcopus,
3472 2188 3567 2263 ad
3622 2211 3837 2286 quem

925 2314 1220 2390 collatio
1257 2315 1477 2389 etius
1533 2314 2047 2411 praesentandi
2100 2311 2441 2387 Vicariae
2496 2312 2604 2385 sic
2655 2313 3007 2407 vacantis,
3062 2321 3233 2410 post
3281 2312 3564 2409 lapsum
3620 2312 3837 2386 trium

923 2438 1275 2513 mensium
1348 2436 1794 2529 devolvetur,
1869 2434 2121 2510 Virum
2197 2435 2575 2526 idoneum,
2650 2442 2895 2531 aptum
2950 2444 3022 2509 et
3085 2458 3217 2532 pro
3290 2436 3513 2509 choro
3584 2434 3835 2508 utilem

929 2560 1244 2635 Domino
1300 2560 1599 2632 Decano
1653 2580 1786 2654 pro
1827 2566 2147 2656 tempore
2204 2556 2541 2631 existenti
2594 2558 2859 2652 poterit
2894 2566 2965 2631 et
3002 2556 3295 2632 debebit
3344 2564 3835 2653 praesentare,

931 2706 1138 2781 quem
1192 2680 1548 2757 Dominus
1603 2681 1948 2755 Decanus
2000 2703 2133 2776 pro
2188 2689 2509 2777 tempore
2566 2679 2906 2773 existens,
2966 2679 3167 2776 prius
3217 2678 3419 2753 iuxta
3469 2680 3837 2774 antiquam

927 2802 1517 2879 consuetudinem
1573 2801 1954 2877 Ecclesiae
2003 2802 2481 2875 examinatum
2518 2807 2591 2873 et
2635 2800 2969 2876 idoneum
3023 2810 3405 2899 repertum,
3460 2802 3837 2877 instituere

929 2928 1308 3022 tenebitur,
1365 2932 1701 2999 cessante
1756 2926 1950 3000 omni
2001 2924 2489 3022 appellatione
2545 2933 2617 2999 et
2668 2923 3199 3020 impedimento.
3266 2924 3523 2997 Actum
3580 2932 3655 2997 et
3706 2922 3836 2995 da-

930 3058 1076 3124 tum
1133 3047 1532 3123 Oracoviae
1586 3046 1657 3119 in
1717 3046 2055 3144 Capitulo
2126 3047 2454 3141 generali
2506 3070 2637 3143 pro
2692 3047 2881 3121 festo
2954 3046 3483 3119 Purificationis
3552 3045 3835 3119 Beatis-

933 3172 1157 3247 simae
1228 3169 1557 3266 Virginis
1627 3169 1904 3246 Mariae
1971 3171 2329 3244 Dominae
2402 3177 2713 3263 nostrae,
2789 3167 3001 3243 Anno
3074 3167 3368 3243 Domini
3444 3166 3839 3241 Millesimo

935 3293 1534 3387 Quingentesimo
1595 3291 1988 3369 Vicesimo.

2160 3605 2623 3707 LXXXII.

940 3817 1046 3897 De
1104 3814 1434 3896 domibus
1507 3814 2065 3898 canonicalibus
2138 3815 2489 3915 personis
2564 3813 2952 3895 extraneis
3025 3833 3165 3914 per
3216 3812 3622 3915 capitulum
3698 3830 3842 3894 non

1222 3937 1732 4038 conferendis.
1807 3937 2109 4019 loannis
2180 3935 2544 4017 Kcnarski
2604 3935 2944 4036 Episcopi
3000 3933 3551 4017 cracoviensis.

2029 4058 2179 4158 (De
2234 4057 2441 4140 Anno
2500 4057 2753 4158 1523).

1111 4269 1331 4348 'Cum
1394 4270 2049 4346 ecclesiasticarum
2120 4270 2678 4364 institutionum,
2752 4276 2831 4342 ut
2882 4266 3131 4343 Sancti
3201 4268 3457 4344 Patres
3525 4269 3845 4364 tradunt,

940 4392 1288 4491 quasdam
1339 4393 1414 4467 in
1469 4393 1741 4489 scripto
1763 4448 1783 4482 ,
1857 4391 2205 4488 quasdam
2260 4415 2434 4467 vero
2489 4390 2919 4488 Apostolica
2988 4391 3372 4467 traditione
3397 4449 3414 4483 ,
3486 4415 3619 4489 per
3674 4415 3843 4466 suc-

939 4537 1274 4590 cessores
1325 4515 1398 4588 in
1451 4514 1848 4589 ministerio
1920 4513 2381 4588 confirmatas
2434 4514 2887 4611 accepimus,
2961 4512 3307 4610 quasdam
3364 4521 3487 4588 aut
3538 4536 3845 4590 consue-

939 4636 1184 4712 tudine
1235 4637 1615 4710 roboratas
1669 4636 2103 4732 approbavit
2154 4659 2353 4728 usus,
2412 4637 2671 4733 quibus
2726 4660 2859 4733 par
2902 4636 3084 4711 ritus
3121 4644 3194 4711 et
3225 4634 3414 4710 idem
3472 4636 3845 4732 utriusque

939 4759 1230 4858 pietatis
1284 4758 1584 4832 debetur
1617 4761 1954 4834 affectus:
2013 4757 2315 4856 proinde
2370 4759 2528 4834 Nos
2579 4759 2904 4834 Joannes
2956 4759 3102 4833 Dei
3136 4759 3375 4853 gratia
3426 4758 3851 4856 Episcopus

941 4879 1474 4973 Cracoviensis,
1530 4880 2076 4974 considerantes
2130 4889 2367 4956 certas
2419 4880 2803 4955 Ecclesiae
2855 4888 3148 4956 nostrae
3199 4881 3608 4956 laudabiles
3660 4881 3845 4956 anti·

941 5003 1469 5100 qmssimasque
1523 5002 2082 5079 consuetudines
2134 5028 2224 5077 ac
2276 5004 2522 5099 leges,
2580 5012 2653 5078 et
2705 5011 2784 5078 ut
2836 5028 2928 5078 ex
2978 5003 3223 5097 libris,
3298 5004 3605 5099 aliisque
3658 5005 3844 5078 anti-

943 5126 1106 5221 quis
1175 5124 1558 5200 Ecclesiae
1632 5125 1867 5200 dictae
1939 5134 2231 5201 nostrae
2302 5126 2761 5200 monimentis
2842 5125 3315 5220 cognovimus
3336 5181 3355 5218 ‚
3430 5133 3849 5200 constanter

943 5273 990 5322 a
1058 5246 1759 5324 Praedecessoribus
1840 5251 2111 5324 nostris
2184 5255 2255 5323 et
2326 5249 2419 5322 ab
2492 5249 2655 5346 ipso
2726 5248 3065 5345 Capitulo
3138 5249 3375 5324 dictae
3458 5247 3846 5322 Ecclesiae

943 5378 1237 5445 nostrae
1287 5377 1525 5448 tentas
1577 5379 1650 5446 et
1702 5370 2128 5447 observatas
2152 5427 2172 5466 ,
2242 5395 2431 5446 nuuc
2484 5393 2661 5446 vero
2714 5372 3161 5466 negligentia
3232 5370 3543 5469 quadam
3594 5378 3849 5446 nostra
