4055 6364
1515 728 2035 805 -91-

309 940 396 1008 ut
451 936 612 1013 sive
659 960 791 1035 per
845 936 1032 1013 viam
1089 935 1311 1012 aresti
1367 962 1457 1013 ex
1512 938 1801 1015 censuis
1856 946 1980 1014 aut
2034 939 2633 1033 decimatoribus·,
2700 939 2857 1015 sive
2911 964 3226 1038 quocun-

311 1079 464 1152 que
516 1059 662 1136 alio
731 1059 950 1136 modo
1017 1082 1295 1157 poenas
1363 1058 1773 1137 huiusmodi
1846 1062 2180 1156 exigant,
2257 1086 2343 1137 ac
2412 1061 2486 1136 id
2545 1062 2735 1159 quod
2791 1085 2883 1137 ex
2934 1063 3229 1160 publico

309 1205 494 1255 aere
544 1183 636 1256 ad
691 1181 1139 1280 supplendas
1193 1182 1550 1258 eiusmodi
1620 1184 2107 1279 negligentias
2182 1191 2608 1280 erogarunt,
2684 1184 3102 1282 exsolvant,
3161 1194 3233 1260 et

307 1298 686 1381 residuum
758 1327 1150 1404 poenarum
1207 1327 1295 1379 eo
1350 1328 1492 1402 quo
1547 1303 1904 1381 Statutum
1978 1307 2380 1404 praefatum
2450 1306 2709 1401 dictat,
2784 1316 3227 1385 convertant.

1661 1616 1884 1719 CXI.

311 1828 532 1912 Bulla
573 1826 1048 1911 sanctissimi
1097 1826 1366 1909 Domini
1415 1828 1657 1910 nostri
1709 1827 1978 1908 Domini
2022 1826 2124 1909 Pii
2174 1781 2416 1909 divina
2464 1828 2931 1930 providentia
2975 1829 3231 1930 Papae

547 1950 648 2048 Ν,
705 1969 940 2051 super
991 1948 1243 2031 forma
1296 1950 1688 2031 iuramenti
1747 1948 2249 2049 professionis
2304 1948 2476 2032 fidei
2536 1950 2994 2035 catholicae.

532 2160 708 2235 Pius
759 2160 1178 2259 Episcopus
1248 2158 1520 2236 Servus
1574 2157 1960 2235 Servorum
2014 2159 2179 2235 Dei.
2273 2160 2393 2234 Ad
2445 2168 2867 2258 perpetuam
2920 2163 3029 2238 rei
3084 2188 3231 2241 me-

305 2286 646 2361 moriam.
737 2283 1138 2358 Iniunctum
1211 2284 1447 2358 Nobis
1499 2281 1972 2380 Apostolieae
2049 2278 2431 2357 Servitutis
2505 2284 2819 2358 officium
2890 2286 3230 2382 requirit:
3324 2352 3334 2361 .

305 2416 398 2485 ut
445 2430 554 2497 ea,
611 2431 794 2505 quae
833 2406 1192 2481 Dominus
1249 2404 1724 2504 Omnipotens
1769 2402 1862 2479 ad
1899 2404 2273 2499 providam
2327 2404 2708 2481 Ecclesiae
2764 2407 3232 2485 directionem

303 2528 606 2605 Sanctis
661 2528 1000 2604 Patribus
1033 2528 1106 2601 in
1147 2529 1432 2602 nomine
1476 2550 1607 2602 suo
1645 2527 2113 2621 congregatis
2168 2526 2512 2603 divinitus
2564 2529 2923 2627 inspirare
2977 2528 3230 2626 dig-ua·

307 2661 442 2727 tus
495 2659 644 2746 est,
673 2650 792 2723 ‘ad
848 2650 1006 2725 eius
1055 2649 1342 2723 laudem
1400 2657 1472 2724 et
1504 2650 1814 2745 gloriam
1866 2649 2364 2725 incunctanter
2418 2651 2679 2747 exequi
2732 2674 3229 2751 properemus·

308 2772 504 2849 Cum
537 2774 782 2869 itaque
817 2774 1018 2848 iuxta
1054 2770 1365 2846 Concilii
1419 2770 1825 2845 Tridentini
1881 2772 2428 2869 dispositionem
2467 2795 2741 2866 omncs,
2798 2796 2983 2870 quos
3029 2775 3230 2851 dein-

309 2918 496 2995 ceps
551 2893 1108 2969 Cathedralibus
1163 2904 1235 2967 et
1289 2891 1798 2991 Superioribus
1851 2892 2215 2969 Ecclesiis
2268 2894 2585 2991 praefici,
2644 2894 2762 2969 vel
2818 2896 3081 2993 quibus
3138 2888 3230 2974 de

310 3018 610 3092 illarum
661 3017 1200 3111 Dignitatibus,
1275 3014 1840 3091 Canonicatibus
1895 3023 1968 3089 et
2021 3015 2187 3089 aliis
2244 3017 2790 3113 quibuscunque
2860 3018 3235 3095 beneficiis

313 3139 844 3216 ecclesiasticis
880 3161 1126 3214 curam
1173 3138 1569 3212 animarum
1622 3137 2073 3230 habentibus,
2129 3137 2498 3237 provideri
2552 3139 2940 3236 continget,
2995 3144 3233 3241 publi-

312 3286 481 3337 cam
537 3260 1006 3358 orthodoxae
1057 3261 1229 3336 fidei
1268 3261 1794 3358 professionem
1849 3262 2114 3355 facere,
2173 3284 2397 3358 seque
2434 3262 2509 3336 in
2544 3261 2918 3338 Romanae
2970 3264 3231 3340 Eccle-

313 3386 480 3458 siae
533 3383 944 3459 obedientia
999 3407 1506 3481 permansuros
1579 3382 1934 3481 spondere
1993 3391 2065 3457 et
2116 3383 2356 3459 iurare
2410 3392 2823 3460 teneantur:
2894 3385 3053 3463 Nos
3112 3411 3231 3464 vo-

309 3509 554 3582 lentes
610 3507 824 3582 etiam
877 3529 1011 3605 per
1063 3529 1550 3603 quoscunque,
1618 3506 1740 3603 qui
1794 3505 1885 3580 de
1939 3505 2429 3601 Monasteriis,
2487 3505 3021 3601 Conventibus,
3076 3512 3233 3586 Do-

311 3629 560 3704 mibus
613 3635 687 3703 et
737 3628 902 3704 aliis
957 3629 1503 3727 quibuscunque
1573 3629 1758 3703 locis
1809 3629 2281 3724 Regularium
2357 3652 2943 3727 quorumcunque
3017 3631 3231 3708 Ordi-

311 3775 510 3844 num,
551 3752 766 3826 etiam
805 3751 1246 3846 Militarium,
1289 3775 1712 3848 quocunque
1749 3752 2037 3826 nomine
2075 3751 2194 3826 vel
2230 3752 2437 3828 titulo
2474 3753 2989 3850 providebitur,
3040 3752 3232 3828 idem

315 3875 636 3968 servari,
696 3882 768 3950 et
818 3875 909 3949 ad
963 3875 1143 3969 hoc,
1199 3883 1278 3950 ut
1328 3875 1541 3950 unius
1597 3874 1919 3949 eiusdem
1971 3873 2144 3948 fidei
2199 3874 2560 3971 professio
2634 3874 3083 3950 uniformiter
3135 3878 3229 3950 ab

318 3997 657 4073 omnibns
710 3997 1153 4091 exhibeatur,
1208 3999 1563 4094 unicaque
1601 4006 1674 4072 et
1709 4006 1906 4072 certa
1957 3997 2157 4072 illius
2208 3999 2441 4072 forma
2489 3996 2765 4070 cunctis
2801 3996 3228 4092 innotescat,

313 4129 615 4194 nostrae
669 4119 1148 4194 solicitudinis
1202 4129 1445 4217 partes
1497 4121 1572 4194 in
1625 4120 1765 4195 hoc
1817 4119 2038 4194 alicui
2088 4119 2379 4194 minime
2434 4116 2869 4212 desiderari,
2927 4121 3231 4195 formam

313 4243 552 4341 ipsam
609 4241 1116 4338 praesentibus
1177 4250 1586 4317 annotatam
1640 4240 1997 4338 publicari
2054 4249 2125 4315 et
2174 4242 2439 4337 ubique
2512 4241 2834 4335 gentium
2888 4265 3021 4338 per
3074 4264 3226 4338 eos,

317 4365 416 4440 ad
454 4387 638 4460 quos
676 4387 768 4437 ex
803 4364 1138 4438 Decretis
1181 4365 1414 4462 ipsius
1469 4363 1779 4438 Consilii
1828 4371 1901 4439 et
1934 4365 2121 4438 alios
2174 4363 2589 4460 praedictos
2644 4371 2947 4461 spectat,
3002 4364 3233 4463 recipi

321 4496 395 4562 et
449 4487 848 4580 observari,
903 4509 990 4561 ac
1046 4488 1180 4562 sub
1234 4487 1488 4585 poenis
1541 4511 1672 4585 per
1724 4484 2130 4561 Concilium
2181 4487 2417 4584 ipsum
2471 4487 2545 4560 in
2600 4488 3229 4563 contravenientes

317 4609 530 4705 latis,
594 4611 796 4686 iuxta
847 4611 1035 4686 hanc
1091 4619 1163 4684 et
1214 4634 1354 4686 non
1411 4609 1626 4684 aliam
1679 4610 1981 4684 formam
2035 4609 2561 4707 professionem
2614 4608 3056 4706 praedictam
3112 4633 3230 4686 so-

319 4734 633 4809 lenniter
667 4733 848 4829 fieri,
903 4735 1357 4810 Authoritate
1392 4731 1820 4830 Apostolica
1855 4739 2105 4807 tenore
2143 4731 2626 4830 praesentium
2665 4729 2985 4807 districte
3021 4756 3229 4831 prae-

321 4857 682 4953 cipiendo,
738 4858 1161 4934 mandamus
1213 4854 1620 4932 huiusmodi
1674 4859 1808 4931 sub
1861 4863 2148 4930 tenore:

531 4979 698 5076 Ego
734 4981 828 5056 N.
864 4981 1070 5055 firma
1102 4980 1247 5055 fide
1283 4977 1499 5054 credo
1555 4986 1627 5052 et
1659 4978 2023 5076 profiteor,
2082 4977 2320 5053 omnia
2356 4984 2429 5051 et
2464 4975 2773 5072 singula,
2832 5000 3019 5074 quae
3056 5000 3227 5053 con-

317 5095 637 5178 tinentur
671 5100 1017 5201 Symbolo
1052 5103 1244 5196 fidei,
1301 5126 1443 5200 quo
1480 5099 1748 5176 Sancta
1800 5100 2127 5176 Romana
2162 5099 2501 5175 Ecclesia
2548 5100 2789 5192 utitur,
2844 5100 3225 5175 videlicet:

319 5224 569 5302 Credo
619 5224 696 5300 in
743 5248 956 5300 unum
1012 5227 1246 5301 Deum
1300 5225 1592 5300 Patrem
1658 5223 2263 5322 omnipotentem,
2320 5223 2666 5298 factorem
2731 5223 2917 5298 coeli
2970 5230 3043 5297 et
3084 5230 3226 5298 ter·

315 5371 473 5442 rae,
531 5347 924 5423 visibilium
973 5350 1284 5424 omnium
1323 5355 1395 5424 et
1427 5348 1920 5442 invisibilium,
1979 5353 2052 5424 et
2084 5347 2160 5421 in
2195 5370 2413 5422 unum
2458 5344 2847 5421 Dominum
2890 5342 2943 5420 J
2947 5339 3226 5419 ESUM
