4055 6364
1391 837 1489 852 —
1599 793 1958 874 229-

227 1007 350 1082 die
401 1003 449 1081 5
503 1004 885 1082 Februarii
937 1003 1201 1101 prioris
1253 1005 1752 1099 restrictivum,
1807 1005 2090 1080 tertium
2145 1003 2339 1081 Anni
2379 1002 2577 1080 1727
2615 1004 2734 1080 die
2772 1004 2864 1081 21
2923 1030 3119 1084 men-

225 1131 337 1204 sis
386 1129 568 1203 Maii
618 1128 788 1219 lata,
846 1150 1144 1224 quorum
1199 1126 1341 1202 duo
1397 1134 1714 1201 extrema
1767 1126 2178 1226 disponunt,
2238 1135 2312 1201 ut
2365 1129 2770 1225 quicunque
2823 1152 2916 1202 ex
2967 1129 3121 1206 Do·

225 1251 444 1326 minis
495 1249 853 1324 Praelatis
907 1257 980 1323 et
1033 1247 1422 1336 Canonicis
1479 1273 1524 1323 a
1576 1249 1931 1348 Vesperis
1982 1248 2249 1324 ibidem
2306 1249 2743 1347 specificatis
2790 1252 3122 1345 abfuerit,

225 1373 742 1448 refectionibus
798 1379 870 1446 et
920 1371 1230 1469 panibus
1283 1372 1480 1446 illius
1534 1372 1678 1446 diei
1731 1372 2071 1468 privetur,
2126 1371 2622 1447 intermedium
2662 1381 2899 1446 autem
2934 1373 3123 1448 hanc

226 1495 567 1568 mulctam
621 1494 856 1567 minus
908 1493 1443 1591 proportionale
1497 1492 1590 1567 ad
1627 1493 1857 1567 solam
1909 1493 2381 1590 privationem
2430 1517 2693 1590 panum
2730 1496 3120 1590 restringit,

226 1615 302 1690 in
359 1614 708 1690 hodierno
780 1612 1118 1712 Capitulo
1173 1611 1461 1690 Natalis
1531 1611 1780 1690 Sancti
1845 1611 2190 1689 Stanislai
2244 1616 2711 1691 Perillustres
2766 1625 2837 1691 et
2891 1616 3123 1692 Reve-

225 1738 642 1812 rendissimi
713 1727 1008 1812 Domini
1071 1736 1479 1834 Capitulum
1551 1737 1739 1812 inter
1811 1760 1891 1811 se
1945 1737 2331 1812 conciliare
2401 1737 2729 1812 volentes
2750 1796 2767 1831 ,
2842 1739 3125 1837 praevi-

230 1860 471 1935 dendo
539 1859 770 1934 maius
843 1858 1302 1954 scandalum,
1377 1858 1569 1954 quod
1643 1883 1988 1934 successu
2060 1860 2402 1956 temporis
2474 1866 2617 1933 tam
2698 1885 2831 1958 per
2902 1861 3128 1955 magis

227 2005 532 2076 gravem
606 2004 816 2077 quam
883 1982 1174 2055 nimium
1229 1982 1604 2056 remissum
1658 1982 1971 2077 rigorem
2026 1983 2371 2078 subsequi
2426 1990 2497 2056 et
2548 1981 2800 2057 venire
2853 1993 3126 2080 posset,

230 2103 428 2178 datis
477 2103 783 2177 invicem
841 2103 994 2177 suis
1046 2102 1382 2178 sensibus
1437 2111 1507 2176 et
1559 2103 1785 2197 votis,
1844 2104 2191 2179 moderati
2246 2112 2410 2178 sunt
2462 2111 2535 2178 et
2588 2104 3121 2179 concluserunt:

233 2226 435 2322 quod
469 2233 613 2299 tam
647 2227 722 2299 in
759 2225 1033 2322 primis,
1091 2249 1303 2321 quam
1343 2226 1680 2299 secundis
1716 2226 2072 2324 Vesperis
2107 2225 2489 2300 Festorum
2526 2225 2813 2300 Natalis
2850 2223 3120 2300 Christi

233 2371 402 2422 eum
455 2347 685 2422 tribus
735 2347 982 2422 Festis
1029 2347 1634 2444 subsequentibus
1670 2344 2090 2424 Sanctorum
2135 2344 2503 2444 Stephani,
2557 2347 2853 2422 Ioannis
2889 2344 3129 2421 Evan-

231 2469 553 2563 gelistae
582 2478 653 2543 et
687 2466 1110 2545 Sanctorum
1148 2469 1636 2564 innocentum,
1677 2467 2267 2545 Circumcisionis
2304 2471 2618 2565 Domini,
2656 2469 3129 2567 Epiphaniae,

232 2591 623 2665 Paschatis
677 2614 836 2665 cum
892 2599 1195 2687 quatuor
1248 2591 1851 2688 praecedentibus
1902 2593 1976 2665 in
2034 2592 2488 2668 hebdomada
2542 2598 2796 2666 sancta
2850 2599 2921 2664 et
2956 2592 3131 2665 duo-

232 2715 380 2789 bus
435 2713 1078 2810 subsequentibus,
1153 2711 1628 2788 Ascensionis
1683 2710 1953 2788 Christi
2027 2714 2358 2807 Domini,
2428 2713 2899 2788 Pentecostes
2971 2737 3129 2788 cum

235 2834 528 2910 duobus
581 2836 1208 2932 subseqnentibus,
1266 2832 1780 2910 Sanctissimae
1817 2835 2217 2930 Trinitatis,
2274 2833 2625 2933 Corporis
2663 2832 2937 2908 Christi
2971 2859 3132 2910 cum

234 2980 376 3032 sua
432 2955 730 3047 Octava,
788 2954 1035 3031 Sancti
1071 2957 1364 3030 Ioannis
1417 2955 1808 3053 Baptistae,
1868 2953 2290 3032 Sanctorum
2330 2956 2527 3030 Petri
2584 2963 2655 3030 et
2690 2955 2901 3030 Pauli
2936 2957 3133 3052 Apo-

233 3079 611 3174 stolorum,
669 3075 916 3153 Sancti
967 3078 1348 3152 Michaelis
1400 3076 1866 3173 Archangeli,
1922 3076 2347 3154 Sauctorum
2402 3076 2762 3174 Omnium,
2818 3078 3137 3152 Dedica-

231 3202 461 3277 tionis
515 3202 914 3297 Ecclesiae,
971 3201 1414 3278 Inventionis
1486 3198 1793 3275 Sanctae
1847 3198 2124 3296 Crucis,
2199 3202 2766 3291 Purificationis,
2841 3200 3133 3275 Annun-

235 3325 587 3420 tiationis,
642 3324 1121 3417 Visitationis,
1176 3322 1739 3421 Assumptionis,
1797 3323 2233 3418 Nativitatis,
2291 3321 2803 3421 Conceptionis
2856 3322 3136 3397 Beatis-

233 3450 470 3522 simae
521 3446 851 3542 Virginis
903 3445 1208 3539 Mariae,
1281 3442 1704 3520 Sanctorum
1759 3443 2159 3537 Adalberti,
2217 3445 2542 3520 Floriani
2568 3502 2617 3533 ,,
2662 3442 3005 3519 Stanislai
3057 3444 3132 3517 in

235 3570 443 3667 Maio
499 3577 570 3644 et
623 3566 1051 3666 Septembri,
1111 3564 1357 3641 Sancti
1409 3566 1801 3642 Venceslai
1869 3566 2339 3642 Patronorum
2412 3566 2688 3661 Regni,
2762 3572 3137 3640 teneantur

237 3691 714 3773 Perillustres
768 3698 841 3764 et
891 3689 1502 3764 Reverendissimi
1553 3690 1845 3764 Domini
1903 3688 2217 3763 Praelati
2254 3696 2325 3763 et
2360 3686 2707 3763 Canonici
2753 3686 3134 3761 Ecclesiae

239 3812 710 3888 Cathedralis
764 3811 1266 3887 Cracoviensis
1319 3811 1797 3908 personaliter
1846 3812 2198 3886 interesse
2252 3813 2387 3886 sub
2433 3810 2834 3907 privatione
2870 3807 3137 3883 medie-

239 3935 423 4009 tatis
490 3934 954 4008 refectionum
1029 3940 1101 4007 et
1153 3932 1370 4007 totius
1444 3933 1652 4031 panis
1704 3934 1901 4008 illius
1954 3931 2139 4028 diei3
2214 3956 2386 4008 casu
2460 3939 2693 4008 autem
2767 3931 3138 4007 absentiae

237 4058 320 4130 in
377 4054 624 4129 Festis
677 4052 1099 4129 Sanctorum
1171 4053 1491 4128 Mathiae
1544 4054 1904 4153 Apostoli,
1979 4053 2337 4149 Casimiri,
2409 4054 2705 4152 Iosephi
2726 4112 2743 4147 ‚
2822 4052 3137 4150 Philippi

241 4188 320 4253 et
374 4176 648 4270 Iacobi,
701 4176 956 4250 Iacobi
1009 4177 1320 4271 maioris,
1378 4177 1770 4268 Laurentii,
1826 4176 2381 4270 Bartholomaei,
2438 4175 2920 4251 Exaltationis
2958 4172 3140 4249 San-

239 4310 414 4375 ctae
469 4297 746 4392 Crucis,
803 4297 1123 4373 Mathaei
1172 4299 1532 4397 Apostoli,
1610 4297 1923 4375 Simonis
1978 4307 2050 4383 et
2101 4298 2349 4394 Iudae,
2425 4299 2756 4392 Martini,
2829 4294 3139 4371 Sanctae

105 4506 118 4513 ,
243 4420 729 4513 Catharinae,
803 4417 1051 4495 Sancti
1120 4419 1497 4515 Andreae,
1547 4421 1837 4497 Nicolai
1906 4430 1978 4496 et
2058 4418 2303 4495 Sancti
2373 4419 2700 4495 Thomae
2770 4418 3133 4518 Apostoli,

239 4543 470 4619 iidem
543 4543 837 4617 antefati
907 4541 1517 4617 Reverendissimi
1570 4543 1864 4618 Domini
1932 4542 2335 4641 privatione
2403 4566 2667 4641 panum
2736 4542 2935 4617 illius
2997 4539 3145 4616 diei

241 4672 523 4741 tantum
578 4664 1120 4739 mulctabantur.
1178 4661 1259 4739 Si
1310 4688 1482 4740 vero
1517 4665 1897 4740 Festorum
1930 4666 2487 4763 praemissorum
2525 4664 2780 4739 diebus
2815 4662 2907 4739 ad
2944 4686 3139 4737 men·

245 4811 412 4865 sam
465 4786 881 4882 Magnatum
935 4787 1261 4882 invitari,
1335 4795 1457 4862 ant
1526 4788 2031 4864 occasionibus
2085 4788 2428 4882 legitimis
2480 4788 2787 4883 aliquem
2844 4808 2935 4861 ex
2989 4786 3139 4859 Do-

247 4909 473 4985 minis
526 4933 571 4982 a
623 4907 975 5005 Vesperis
1029 4932 1249 5005 supra
1302 4910 1669 5006 expressis
1721 4908 2042 4983 abstrahi
2096 4908 2497 5004 contigerit,
2526 4909 2629 4984 ita
2680 4916 2936 4983 utnon
2974 4930 3139 5005 pos-

249 5034 406 5108 sint
455 5031 709 5106 iisdem
763 5032 1136 5124 interesse,
1194 5030 1603 5124 legalitates
1657 5038 1730 5103 et
1783 5030 2243 5106 difficultates
2298 5030 2648 5106 eiusmodi
2701 5030 3145 5105 excusabunt

251 5155 420 5229 sive
472 5176 604 5249 per
656 5174 758 5247 se,
815 5152 970 5227 sive
1023 5176 1154 5250 per
1207 5177 1378 5229 suos
1431 5154 1804 5227 Ministros
1856 5154 2267 5229 Perillustri
2320 5154 2634 5229 Domino
2688 5150 3144 5227 Praesidenti

251 5298 394 5374 pro
449 5284 788 5371 tempore,
847 5298 1074 5370 eoque
1127 5275 1339 5349 modo
1392 5276 1802 5371 imputatam
1859 5274 2225 5349 habebunt
2280 5275 2777 5372 praesentiam.
