4055 6364
1474 828 1581 843 ..-
1689 782 1748 863 5·
1842 826 1936 843 -.

1623 990 1798 1094 .Vl.·

811 1199 918 1285 De
971 1197 1495 1284 celebratione
1550 1197 1836 1283 mesae
1891 1197 1990 1280 ad
2046 1197 2286 1282 Maius
2338 1196 2629 1281 Attare.

468 1412 651 1489 Cum
691 1412 1115 1487 beneficium
1173 1410 1329 1484 dari
1365 1419 1663 1508 propter
1717 1408 2053 1517 Officium
2109 1405 2319 1485 Sacri
2374 1406 2713 1485 Canones
2760 1417 3161 1508 protestan-

254 1546 398 1629 tur,
456 1534 873 1617 statuimus:
913 1540 988 1607 ut
1025 1531 1117 1605 ad
1157 1533 1386 1607 maius
1421 1531 1720 1606 Altarae
1765 1541 2056 1607 nostrae
2096 1531 2498 1627 Ecclesiae,
2554 1533 2678 1606 ubi
2716 1553 2874 1606 cum
2904 1532 3165 1607 maiori

253 1655 816 1732 honorificentia
885 1654 1157 1729 Divina
1213 1650 1478 1727 Officia
1551 1664 1717 1728 sunt
1769 1655 2054 1749 agenda
2106 1654 2349 1731 nullus
2420 1654 2605 1728 alius
2672 1653 2971 1729 inferior
3022 1653 3165 1729 nisi

253 1778 678 1854 Canonicus
752 1775 1154 1874 corporalis
1235 1781 1526 1850 nostrae
1580 1775 1892 1850 maioris
1963 1774 2384 1871 Ecclesiae,
2474 1776 2619 1869 imo
2694 1784 2767 1851 et
2834 1776 3167 1871 gratialis

256 1901 429 1976 dum
485 1898 704 1975 modo
741 1897 1229 1997 provisionem
1285 1895 1606 1995 Capituli
1642 1899 1737 1972 sit
1772 1895 2101 1995 adeptus,
2158 1896 2421 1973 audeat
2474 1896 2869 1994 celebrare,
2923 1922 2965 1974 e
3010 1898 3163 1995 qui—

253 2024 400 2099 bus
454 2018 894 2097 Sacerdotes
945 2019 1146 2095 iuxta
1199 2018 1402 2093 vices
1455 2042 1745 2094 suarum
1817 2018 2429 2095 hebdomadarum
2481 2022 2553 2097 in
2608 2020 2739 2096 illo
2795 2020 3165 2115 celebrare

254 2144 745 2244 personaliter
796 2151 921 2218 aut
970 2165 1104 2240 per
1139 2140 1356 2215 alium
1412 2138 1858 2215 Canonicum
1913 2140 2186 2215 Divina
2241 2139 2507 2218 Officia
2560 2151 2956 2219 teneantur.
2988 2142 3167 2233 'Qui

253 2291 435 2343 vero
471 2268 614 2342 hoc
651 2266 1106 2361 neglexerint
1151 2287 1365 2338 unam
1407 2262 1547 2337 Ma·
1573 2286 1752 2355 cam,
1792 2262 1998 2337 cuius
2038 2256 2495 2339 medietatem
2552 2265 2921 2341 Canonico
2975 2268 3164 2341 cele-

105 2480 112 2485 ,
255 2390 503 2464 branti
539 2412 673 2487 pro
709 2388 894 2485 ipse,
950 2387 1300 2481 reliquam
1357 2408 1531 2460 vero
1582 2384 2039 2485 medietatem
2089 2409 2221 2483 pro
2254 2387 2727 2463 luminaribus
2781 2387 3166 2463 Ecclesiae

253 2511 452 2587 infra
507 2508 692 2586 duos
745 2509 1043 2583 Menses
1097 2514 1484 2603 sequentes
1536 2505 1714 2581 dar-e
1761 2515 1834 2582 et
1870 2508 2157 2582 solvere
2212 2508 2355 2583 sint
2405 2507 2755 2584 adstricti.
2813 2508 3044 2600 Quam
3103 2509 3167 2585 si

257 2633 438 2707 dare
499 2641 572 2706 et
626 2632 912 2707 solvere
984 2636 1061 2705 ut
1125 2628 1602 2727 praemittitur
1671 2652 1814 2704 non
1887 2629 2334 2722 curaverint,
2410 2638 2681 2727 extunc⁷
2738 2631 2903 2729 ipso
2975 2631 3168 2707 facto

259 2755 691 2829 sententiam
747 2746 1532 2826 Excommunicationis
1570 2774 1649 2826 se
1688 2752 2019 2826 noverint
2048 2748 2509 2840 incursuros,
2552 2746 2693 2828 nori
2738 2752 3169 2855 absolvendi

259 2876 498 2951 donec
553 2875 1040 2949 satisfecerint
1085 2896 1175 2947 ex
1209 2872 1517 2967 integro,
1575 2871 1801 2948 Cuius
1854 2872 2140 2971 quidem
2196 2870 2749 2949 Constitutionis
2803 2874 3165 2949 executio·

259 3022 428 3073 nem
485 3008 736 3072 contra
791 2997 1285 3090 negligentes,
1365 2996 1663 3070 Decano
1718 3004 1966 3071 nostro
2030 2995 2150 3070 vel
2203 2996 2358 3071 eius
2411 2994 2919 3091 Vicesgerenti
2970 3019 3165 3071 com-

263 3121 610 3197 mittimus
662 3117 1091 3194 faciendam.

1621 3395 1820 3498 VII.

653 3604 759 3689 De
813 3583 1319 3690 convocandis
1373 3604 1768 3690 canonicis
1822 3604 1919 3687 ad
1975 3570 2320 3708 capitula
2371 3607 2777 3709 aenei-alia,

477 3815 662 3892 Cum
717 3817 1046 3913 singulos
1105 3817 1486 3896 Praelatos
1525 3825 1598 3892 et
1632 3816 2046 3893 Canonicos
2101 3841 2234 3916 pro
2286 3819 2866 3896 incumbentibus
2920 3843 3171 3896 neces·

265 3940 608 4016 sitatibus
665 3940 1042 4016 Ecclesiae
1097 3938 1571 4039 expediendis
1627 3963 1764 4014 non
1824 3940 1919 4014 sit
1970 3941 2189 4015 facile
2216 3964 2689 4035 convocare,
2766 3943 3169 4034 statuimus,

268 4061 461 4160 quod
518 4085 769 4138 omnes
823 4070 895 4136 et-
947 4062 1218 4158 singuli
1275 4071 1704 4159 personatus
1758 4071 1830 4136 et
1875 4062 2267 4158 dignitates
2322 4064 2751 4159 obtinentes,
2807 4072 2880 4138 et
2933 4062 3171 4138 Cano-

269 4184 437 4276 nici,
478 4183 570 4258 ad
602 4184 740 4258 tria
769 4185 1143 4278 generalia
1171 4183 1528 4282 Capitale,
1570 4182 1944 4259 videlicet:
1983 4185 2055 4257 in
2093 4184 2304 4259 festis
2339 4184 2873 4260 Purificationis
2901 4185 3173 4262 Beatae

269 4306 550 4381 Mariae
602 4305 971 4400 Virginis,
1045 4303 1292 4380 Sancti
1365 4301 1704 4379 Stanislai
1779 4305 2128 4406 Martyris
2178 4307 2253 4380 in
2307 4307 2506 4382 Maio
2579 4306 2874 4383 Patroni
2944 4290 3173 4382 nostri

271 4428 746 4523 celeberrimi,
803 4437 876 4503 et
911 4427 1159 4503 Sancti
1213 4427 1597 4502 Michaelis
1655 4423 2119 4524 Archangeli,
2176 4429 2565 4504 convenire
2619 4431 2839 4505 iuxta.
2870 4433 3171 4504 consne'-

271 4549 589 4626 tudinem
645 4549 1006 4646 antiquam
1065 4550 1448 4625 Ecclesiae
1501 4559 1898 4624 teneantur.
1955 4550 2040 4625 In
2080 4553 2341 4649 quibus
2393 4552 2647 4628 literae
2702 4576 2884 4648 quae
2922 4577 3169 4628 occur-

269 4673 494 4748 rerint
549 4671 859 4766 sigillari
916 4671 1007 4747 de
1061 4671 1313 4748 maiori
1368 4670 1658 4766 sigill0,
1715 4675 1910 4768 quod
1966 4675 2103 4748 sub
2157 4675 2386 4750 tribus
2440 4664 2622 4750 seris
2674 4674 2946 4749 clausis
3002 4697 3171 4750 con-

271 4804 621 4889 servetur,
693 4794 836 4868 nisi
893 4794 1136 4890 aliqua
1187 4793 1490 4889 grandis
1544 4789 1947 4869 necessitas
2019 4795 2217 4870 aliud
2288 4785 2611 4892 suadeat,
2686 4794 3174 4872 tantummodo

271 4916 704 5012 sigillentur,
779 4917 1405 5014 praesentiumque
1463 4914 1856 5009 ordinatio,
1931 4915 2049 4990 vel
2106 4918 2407 5014 quaevis
2462 4919 2844 5017 dispositio
2897 4919 2966 4993 in
3024 4919 3174 4997 illis

269 5030 412 5114 non
472 5039 808 5113 obstante
878 5039 1224 5114 absencia
1294 5038 1696 5135 aliquorum
1761 5039 2061 5114 roboris‘
2121 5023 2491 5115 obtineant
2556 5031 3019 5116 firmitatem.'
3060 5041 3173 5114 Eo

271 5160 480 5238 salvo
536 5160 727 5256 quod
787 5161 1221 5236 necessitate
1272 5161 1652 5256 ingruente
1705 5157 2103 5258 poterimus
2172 5162 2414 5238 facere
2478 5163 2821 5259 generale
2878 5147 3171 5261 Capitu-

269 5284 416 5358 lum
494 5289 570 5356 et
621 5281 713 5356 ad
785 5281 968 5357 illud
1021 5283 1362 5358 absentes
1401 5285 1737 5379 vocare,
1810 5284 1876 5359 si
1931 5308 2131 5360 mora
2183 5285 2496 5384 patiatur
2566 5287 2819 5382 toties,
2893 5286 3178 5382 quoties
3302 5313 3311 5322 ·

269 5404 512 5484 Nobis
565 5403 928 5482 videbitur
980 5405 1344 5507 expedire.
