<?xml version="1.0" encoding="UTF-8"?>
<!DOCTYPE html PUBLIC "-//W3C//DTD XHTML 1.0 Transitional//EN"
    "http://www.w3.org/TR/xhtml1/DTD/xhtml1-transitional.dtd">
<html xmlns="http://www.w3.org/1999/xhtml" xml:lang="en" lang="en">
 <head>
  <title>
</title>
<meta http-equiv="Content-Type" content="text/html;charset=utf-8" />
  <meta name='ocr-system' content='tesseract 3.04.00' />
  <meta name='ocr-capabilities' content='ocr_page ocr_carea ocr_par ocr_line ocrx_word'/>
</head>
<body>
  <div class='ocr_page' id='page_1' title='image "./statutacapitula00nykogoog_0352.png"; bbox 0 0 4055 6364; ppageno 0'>
   <div class='ocr_carea' id='block_1_1' title="bbox 1452 624 2019 700">
    <p class='ocr_par' dir='ltr' id='par_1_1' title="bbox 1452 624 2019 700">
     <span class='ocr_line' id='line_1_1' title="bbox 1452 624 2019 700; baseline -0.002 0"><span class='ocrx_word' id='word_1_1' title='bbox 1452 624 2019 700; x_wconf 84' lang='lat'><strong>-327—</strong></span> 
     </span>
    </p>
   </div>
   <div class='ocr_carea' id='block_1_2' title="bbox 0 835 3187 3839">
    <p class='ocr_par' dir='ltr' id='par_1_2' title="bbox 0 835 3187 3839">
     <span class='ocr_line' id='line_1_2' title="bbox 3039 835 3174 888; baseline 0 0"><span class='ocrx_word' id='word_1_2' title='bbox 3039 835 3118 888; x_wconf 88' lang='lat' dir='ltr'>Pa</span> <span class='ocrx_word' id='word_1_3' title='bbox 3159 873 3174 888; x_wconf 94' lang='lat'>.</span> 
     </span>
     <span class='ocr_line' id='line_1_3' title="bbox 485 851 3160 987; baseline 0.002 -21"><span class='ocrx_word' id='word_1_4' title='bbox 485 899 725 966; x_wconf 88' lang='lat' dir='ltr'>CCXC.</span> <span class='ocrx_word' id='word_1_5' title='bbox 775 900 1112 967; x_wconf 81' lang='lat' dir='ltr'>Decretum</span> <span class='ocrx_word' id='word_1_6' title='bbox 1158 919 1344 984; x_wconf 88' lang='lat' dir='ltr'>super</span> <span class='ocrx_word' id='word_1_7' title='bbox 1390 899 1791 967; x_wconf 79' lang='lat' dir='ltr'>absolvendis</span> <span class='ocrx_word' id='word_1_8' title='bbox 1830 901 2047 968; x_wconf 79' lang='lat' dir='ltr'>Missis</span> <span class='ocrx_word' id='word_1_9' title='bbox 2085 903 2309 969; x_wconf 85' lang='lat' dir='ltr'>votivis</span> <span class='ocrx_word' id='word_1_10' title='bbox 2361 904 2438 969; x_wconf 90' lang='lat' dir='ltr'>de</span> <span class='ocrx_word' id='word_1_11' title='bbox 2469 902 2710 987; x_wconf 75' lang='lat' dir='ltr'><strong>Spiritu</strong></span> <span class='ocrx_word' id='word_1_12' title='bbox 2739 903 2972 972; x_wconf 86' lang='lat' dir='ltr'>Sancto</span> <span class='ocrx_word' id='word_1_13' title='bbox 3123 851 3160 904; x_wconf 63' lang='lat' dir='ltr'><strong>g</strong></span> 
     </span>
     <span class='ocr_line' id='line_1_4' title="bbox 984 987 2978 1077; baseline 0.002 -24"><span class='ocrx_word' id='word_1_14' title='bbox 984 988 1128 1053; x_wconf 91' lang='lat' dir='ltr'>ante</span> <span class='ocrx_word' id='word_1_15' title='bbox 1173 987 1633 1054; x_wconf 75' lang='lat' dir='ltr'>inchoationem</span> <span class='ocrx_word' id='word_1_16' title='bbox 1686 989 1997 1074; x_wconf 86' lang='lat' dir='ltr'>generalis</span> <span class='ocrx_word' id='word_1_17' title='bbox 2045 988 2320 1077; x_wconf 78' lang='lat' dir='ltr'><strong>Capituli</strong></span> <span class='ocrx_word' id='word_1_18' title='bbox 2365 994 2690 1070; x_wconf 84' lang='lat' dir='ltr'>(Statutnm</span> <span class='ocrx_word' id='word_1_19' title='bbox 2740 994 2978 1070; x_wconf 86' lang='lat' dir='ltr'>Capitu-</span> 
     </span>
     <span class='ocr_line' id='line_1_5' title="bbox 980 1077 3168 1162; baseline 0.002 -25"><span class='ocrx_word' id='word_1_20' title='bbox 980 1078 1099 1138; x_wconf 83' lang='lat' dir='ltr'>lare</span> <span class='ocrx_word' id='word_1_21' title='bbox 1147 1081 1337 1155; x_wconf 84' lang='grc'><strong>1733,</strong></span> <span class='ocrx_word' id='word_1_22' title='bbox 1383 1077 1531 1138; x_wconf 86' lang='lat' dir='ltr'>Cod.</span> <span class='ocrx_word' id='word_1_23' title='bbox 1581 1079 1680 1157; x_wconf 87' lang='lat' dir='ltr'>IX,</span> <span class='ocrx_word' id='word_1_24' title='bbox 1728 1078 1887 1160; x_wconf 87' lang='lat' dir='ltr'>XIV)</span> <span class='ocrx_word' id='word_1_25' title='bbox 1936 1122 1951 1140; x_wconf 94' lang='lat'>.</span> <span class='ocrx_word' id='word_1_26' title='bbox 2065 1123 2084 1141; x_wconf 92' lang='lat'>.</span> <span class='ocrx_word' id='word_1_27' title='bbox 2195 1125 2218 1162; x_wconf 88' lang='lat'>·.</span> <span class='ocrx_word' id='word_1_28' title='bbox 2326 1124 2990 1144; x_wconf 91' lang='grc'><strong>......</strong></span> <span class='ocrx_word' id='word_1_29' title='bbox 3051 1078 3168 1143; x_wconf 86' lang='grc'>231</span> 
     </span>
     <span class='ocr_line' id='line_1_6' title="bbox 468 1159 2974 1248; baseline 0.001 -21"><span class='ocrx_word' id='word_1_30' title='bbox 468 1159 733 1228; x_wconf 86' lang='lat' dir='ltr'>CCXCI.</span> <span class='ocrx_word' id='word_1_31' title='bbox 776 1161 1097 1228; x_wconf 82' lang='lat' dir='ltr'><strong>Ordinatio</strong></span> <span class='ocrx_word' id='word_1_32' title='bbox 1142 1164 1427 1243; x_wconf 86' lang='lat' dir='ltr'>respectu</span> <span class='ocrx_word' id='word_1_33' title='bbox 1476 1161 1649 1244; x_wconf 86' lang='lat' dir='ltr'><strong>Signi</strong></span> <span class='ocrx_word' id='word_1_34' title='bbox 1697 1162 2036 1230; x_wconf 84' lang='lat' dir='ltr'>distinctivi</span> <span class='ocrx_word' id='word_1_35' title='bbox 2082 1164 2250 1229; x_wconf 87' lang='lat' dir='ltr'>facta</span> <span class='ocrx_word' id='word_1_36' title='bbox 2286 1165 2605 1248; x_wconf 73' lang='lat' dir='ltr'>(statutum</span> <span class='ocrx_word' id='word_1_37' title='bbox 2637 1167 2974 1245; x_wconf 80' lang='lat' dir='ltr'>Capitulare</span> 
     </span>
     <span class='ocr_line' id='line_1_7' title="bbox 986 1250 3176 1333; baseline 0.002 -23"><span class='ocrx_word' id='word_1_38' title='bbox 986 1253 1173 1331; x_wconf 77' lang='lat'>1-734,</span> <span class='ocrx_word' id='word_1_39' title='bbox 1221 1252 1370 1313; x_wconf 77' lang='lat' dir='ltr'>coe.</span> <span class='ocrx_word' id='word_1_40' title='bbox 1418 1252 1521 1330; x_wconf 80' lang='lat' dir='ltr'>lx,</span> <span class='ocrx_word' id='word_1_41' title='bbox 1568 1250 1740 1333; x_wconf 73' lang='grc' dir='ltr'>ΧΠ)</span> <span class='ocrx_word' id='word_1_42' title='bbox 1801 1297 2987 1318; x_wconf 92' lang='grc'><strong>..........</strong></span> <span class='ocrx_word' id='word_1_43' title='bbox 3049 1251 3176 1317; x_wconf 80' lang='lat'>232</span> 
     </span>
     <span class='ocr_line' id='line_1_8' title="bbox 437 1334 3000 1423; baseline 0 -21"><span class='ocrx_word' id='word_1_44' title='bbox 437 1334 734 1402; x_wconf 86' lang='lat' dir='ltr'>CCXCII.</span> <span class='ocrx_word' id='word_1_45' title='bbox 786 1335 1121 1402; x_wconf 82' lang='lat' dir='ltr'>Decretum</span> <span class='ocrx_word' id='word_1_46' title='bbox 1168 1337 1244 1402; x_wconf 91' lang='lat' dir='ltr'>de</span> <span class='ocrx_word' id='word_1_47' title='bbox 1291 1336 1562 1420; x_wconf 88' lang='lat' dir='ltr'>quinque</span> <span class='ocrx_word' id='word_1_48' title='bbox 1595 1335 1809 1402; x_wconf 81' lang='lat' dir='ltr'>Missis</span> <span class='ocrx_word' id='word_1_49' title='bbox 1855 1336 2258 1404; x_wconf 82' lang='lat' dir='ltr'>absolvendis</span> <span class='ocrx_word' id='word_1_50' title='bbox 2305 1356 2417 1421; x_wconf 87' lang='lat' dir='ltr'>per</span> <span class='ocrx_word' id='word_1_51' title='bbox 2460 1358 2529 1406; x_wconf 90' lang='lat' dir='ltr'>se</span> <span class='ocrx_word' id='word_1_52' title='bbox 2571 1340 2673 1404; x_wconf 85' lang='lat' dir='ltr'>vel</span> <span class='ocrx_word' id='word_1_53' title='bbox 2717 1359 2828 1423; x_wconf 64' lang='lat' dir='ltr'>per</span> <span class='ocrx_word' id='word_1_54' title='bbox 2855 1339 3000 1405; x_wconf 90' lang='lat' dir='ltr'>Ple-</span> 
     </span>
     <span class='ocr_line' id='line_1_9' title="bbox 985 1423 3180 1508; baseline 0 -21"><span class='ocrx_word' id='word_1_55' title='bbox 985 1423 1368 1506; x_wconf 81' lang='lat' dir='ltr'>nipotentem</span> <span class='ocrx_word' id='word_1_56' title='bbox 1415 1423 1735 1508; x_wconf 79' lang='lat' dir='ltr'>(statutum</span> <span class='ocrx_word' id='word_1_57' title='bbox 1782 1425 2114 1502; x_wconf 73' lang='lat' dir='ltr'>capitulare</span> <span class='ocrx_word' id='word_1_58' title='bbox 2164 1431 2356 1506; x_wconf 83' lang='lat'>1435,</span> <span class='ocrx_word' id='word_1_59' title='bbox 2403 1428 2549 1490; x_wconf 88' lang='lat' dir='ltr'>Cod.</span> <span class='ocrx_word' id='word_1_60' title='bbox 2599 1430 2701 1507; x_wconf 83' lang='lat' dir='ltr'>IX,</span> <span class='ocrx_word' id='word_1_61' title='bbox 2747 1427 2902 1508; x_wconf 86' lang='lat' dir='ltr'><strong>XIV)</strong></span> <span class='ocrx_word' id='word_1_62' title='bbox 2973 1475 2990 1490; x_wconf 91' lang='lat'>.</span> <span class='ocrx_word' id='word_1_63' title='bbox 3051 1425 3180 1490; x_wconf 80' lang='lat'>233</span> 
     </span>
     <span class='ocr_line' id='line_1_10' title="bbox 388 1507 3182 1596; baseline 0.001 -21"><span class='ocrx_word' id='word_1_64' title='bbox 388 1510 725 1575; x_wconf 80' lang='lat' dir='ltr'>CCXCHI.</span> <span class='ocrx_word' id='word_1_65' title='bbox 778 1510 1111 1576; x_wconf 77' lang='lat' dir='ltr'>Decretum</span> <span class='ocrx_word' id='word_1_66' title='bbox 1132 1530 1247 1594; x_wconf 89' lang='lat' dir='ltr'>pro</span> <span class='ocrx_word' id='word_1_67' title='bbox 1266 1509 1647 1576; x_wconf 75' lang='lat' dir='ltr'>sanctuariis</span> <span class='ocrx_word' id='word_1_68' title='bbox 1668 1507 1991 1596; x_wconf 85' lang='lat' dir='ltr'>(Statutnm</span> <span class='ocrx_word' id='word_1_69' title='bbox 2015 1512 3006 1595; x_wconf 75' lang='lat' dir='ltr'>Capitulare1739,00d.IX,XlV)</span> <span class='ocrx_word' id='word_1_70' title='bbox 3053 1512 3182 1579; x_wconf 85' lang='grc'>234</span> 
     </span>
     <span class='ocr_line' id='line_1_11' title="bbox 398 1595 2983 1681; baseline 0 -17"><span class='ocrx_word' id='word_1_71' title='bbox 398 1597 728 1664; x_wconf 82' lang='lat' dir='ltr'>CCXClV.</span> <span class='ocrx_word' id='word_1_72' title='bbox 777 1596 1111 1663; x_wconf 84' lang='lat' dir='ltr'>Decretum</span> <span class='ocrx_word' id='word_1_73' title='bbox 1157 1617 1229 1662; x_wconf 86' lang='lat' dir='ltr'>ex</span> <span class='ocrx_word' id='word_1_74' title='bbox 1274 1597 1333 1663; x_wconf 83' lang='lat' dir='ltr'>vi</span> <span class='ocrx_word' id='word_1_75' title='bbox 1378 1595 1609 1664; x_wconf 89' lang='lat' dir='ltr'>Statuti</span> <span class='ocrx_word' id='word_1_76' title='bbox 1676 1601 2140 1680; x_wconf 82' lang='lat' dir='ltr'>reassumptum</span> <span class='ocrx_word' id='word_1_77' title='bbox 2217 1617 2406 1681; x_wconf 88' lang='lat' dir='ltr'>super</span> <span class='ocrx_word' id='word_1_78' title='bbox 2473 1618 2596 1665; x_wconf 91' lang='lat' dir='ltr'>non</span> <span class='ocrx_word' id='word_1_79' title='bbox 2641 1599 2983 1666; x_wconf 83' lang='lat' dir='ltr'>vendendis</span> 
     </span>
     <span class='ocr_line' id='line_1_12' title="bbox 556 1682 2973 1767; baseline 0 -17"><span class='ocrx_word' id='word_1_80' title='bbox 556 1721 563 1724; x_wconf 97' lang='lat'>-</span> <span class='ocrx_word' id='word_1_81' title='bbox 990 1686 1053 1750; x_wconf 91' lang='lat' dir='ltr'>et</span> <span class='ocrx_word' id='word_1_82' title='bbox 1080 1682 1427 1751; x_wconf 78' lang='lat' dir='ltr'>alienandis</span> <span class='ocrx_word' id='word_1_83' title='bbox 1463 1682 1636 1747; x_wconf 87' lang='lat' dir='ltr'>silvis</span> <span class='ocrx_word' id='word_1_84' title='bbox 1668 1702 1741 1748; x_wconf 82' lang='lat' dir='ltr'>ex</span> <span class='ocrx_word' id='word_1_85' title='bbox 1772 1685 2233 1763; x_wconf 75' lang='lat' dir='ltr'>praestimoniis</span> <span class='ocrx_word' id='word_1_86' title='bbox 2262 1688 2327 1750; x_wconf 89' lang='lat' dir='ltr'>et</span> <span class='ocrx_word' id='word_1_87' title='bbox 2352 1686 2592 1767; x_wconf 56' lang='lat' dir='ltr'>gratim,</span> <span class='ocrx_word' id='word_1_88' title='bbox 2620 1689 2752 1752; x_wconf 89' lang='lat' dir='ltr'>tam</span> <span class='ocrx_word' id='word_1_89' title='bbox 2783 1687 2973 1752; x_wconf 89' lang='lat' dir='ltr'>etiam</span> 
     </span>
     <span class='ocr_line' id='line_1_13' title="bbox 986 1770 2974 1857; baseline -0.001 -21"><span class='ocrx_word' id='word_1_90' title='bbox 986 1789 1060 1836; x_wconf 87' lang='lat' dir='ltr'>ex</span> <span class='ocrx_word' id='word_1_91' title='bbox 1096 1770 1329 1848; x_wconf 76' lang='lat' dir='ltr'>fundis,</span> <span class='ocrx_word' id='word_1_92' title='bbox 1400 1771 1535 1834; x_wconf 88' lang='lat' dir='ltr'>sine</span> <span class='ocrx_word' id='word_1_93' title='bbox 1587 1788 1897 1836; x_wconf 87' lang='lat' dir='ltr'>consensu</span> <span class='ocrx_word' id='word_1_94' title='bbox 1946 1771 2472 1838; x_wconf 84' lang='lat' dir='ltr'>Reverendissimi</span> <span class='ocrx_word' id='word_1_95' title='bbox 2518 1771 2790 1857; x_wconf 90' lang='lat' dir='ltr'>Capituli</span> <span class='ocrx_word' id='word_1_96' title='bbox 2819 1774 2974 1856; x_wconf 83' lang='lat' dir='ltr'>(Sta-</span> 
     </span>
     <span class='ocr_line' id='line_1_14' title="bbox 984 1856 3182 1941; baseline 0.002 -21"><span class='ocrx_word' id='word_1_97' title='bbox 984 1864 1175 1924; x_wconf 85' lang='lat' dir='ltr'>tutum</span> <span class='ocrx_word' id='word_1_98' title='bbox 1224 1859 1558 1937; x_wconf 85' lang='lat' dir='ltr'>Capit-ulare</span> <span class='ocrx_word' id='word_1_99' title='bbox 1609 1863 1794 1933; x_wconf 85' lang='grc'><strong>1740,</strong></span> <span class='ocrx_word' id='word_1_100' title='bbox 1842 1859 1991 1922; x_wconf 82' lang='lat' dir='ltr'>Cod.</span> <span class='ocrx_word' id='word_1_101' title='bbox 2042 1863 2142 1938; x_wconf 85' lang='lat' dir='ltr'>IX,</span> <span class='ocrx_word' id='word_1_102' title='bbox 2187 1856 2350 1941; x_wconf 85' lang='lat' dir='ltr'><strong>XIV)</strong></span> <span class='ocrx_word' id='word_1_103' title='bbox 2456 1909 2989 1925; x_wconf 91' lang='grc'><strong>.....</strong></span> <span class='ocrx_word' id='word_1_104' title='bbox 3050 1859 3182 1924; x_wconf 86' lang='grc'>234</span> 
     </span>
     <span class='ocr_line' id='line_1_15' title="bbox 434 1944 2976 2027; baseline -0.001 -14"><span class='ocrx_word' id='word_1_105' title='bbox 434 1945 729 2013; x_wconf 87' lang='lat' dir='ltr'>CCXCV.</span> <span class='ocrx_word' id='word_1_106' title='bbox 779 1945 1115 2012; x_wconf 83' lang='lat' dir='ltr'>Decretum</span> <span class='ocrx_word' id='word_1_107' title='bbox 1154 1946 1393 2012; x_wconf 89' lang='lat' dir='ltr'>ratione</span> <span class='ocrx_word' id='word_1_108' title='bbox 1442 1944 1761 2027; x_wconf 83' lang='lat' dir='ltr'>pensionis</span> <span class='ocrx_word' id='word_1_109' title='bbox 1789 1945 1868 2010; x_wconf 88' lang='lat' dir='ltr'>ab</span> <span class='ocrx_word' id='word_1_110' title='bbox 1897 1945 2250 2012; x_wconf 87' lang='lat' dir='ltr'>Abbatibus</span> <span class='ocrx_word' id='word_1_111' title='bbox 2297 1949 2360 2011; x_wconf 88' lang='lat' dir='ltr'>et</span> <span class='ocrx_word' id='word_1_112' title='bbox 2397 1945 2535 2012; x_wconf 88' lang='lat' dir='ltr'>aliis</span> <span class='ocrx_word' id='word_1_113' title='bbox 2563 1946 2976 2013; x_wconf 84' lang='lat' dir='ltr'>Reverendis·</span> 
     </span>
     <span class='ocr_line' id='line_1_16' title="bbox 986 2030 2983 2118; baseline -0.001 -20"><span class='ocrx_word' id='word_1_114' title='bbox 986 2032 1163 2098; x_wconf 89' lang='lat' dir='ltr'>simis</span> <span class='ocrx_word' id='word_1_115' title='bbox 1207 2031 1526 2099; x_wconf 87' lang='lat' dir='ltr'>Iudicibus</span> <span class='ocrx_word' id='word_1_116' title='bbox 1574 2031 1653 2097; x_wconf 89' lang='lat' dir='ltr'>ad</span> <span class='ocrx_word' id='word_1_117' title='bbox 1690 2030 1990 2098; x_wconf 80' lang='lat' dir='ltr'>Tribunal</span> <span class='ocrx_word' id='word_1_118' title='bbox 2035 2033 2236 2117; x_wconf 88' lang='lat' dir='ltr'>Regni</span> <span class='ocrx_word' id='word_1_119' title='bbox 2284 2032 2618 2117; x_wconf 86' lang='lat' dir='ltr'>Deputatis</span> <span class='ocrx_word' id='word_1_120' title='bbox 2663 2035 2983 2118; x_wconf 71' lang='lat' dir='ltr'>(statutum</span> 
     </span>
     <span class='ocr_line' id='line_1_17' title="bbox 986 2119 3174 2203; baseline 0.001 -21"><span class='ocrx_word' id='word_1_121' title='bbox 986 2121 1321 2199; x_wconf 83' lang='lat' dir='ltr'>Capitulare</span> <span class='ocrx_word' id='word_1_122' title='bbox 1371 2123 1559 2194; x_wconf 78' lang='grc'><strong>1742,</strong></span> <span class='ocrx_word' id='word_1_123' title='bbox 1605 2119 1759 2184; x_wconf 87' lang='lat' dir='ltr'>Cod.</span> <span class='ocrx_word' id='word_1_124' title='bbox 1809 2123 1909 2201; x_wconf 84' lang='lat' dir='ltr'>IX,</span> <span class='ocrx_word' id='word_1_125' title='bbox 1956 2120 2121 2203; x_wconf 85' lang='lat' dir='ltr'>XIV)</span> <span class='ocrx_word' id='word_1_126' title='bbox 2189 2167 2987 2187; x_wconf 92' lang='grc'><strong>.......</strong></span> <span class='ocrx_word' id='word_1_127' title='bbox 3046 2119 3174 2184; x_wconf 82' lang='grc'>235</span> 
     </span>
     <span class='ocr_line' id='line_1_18' title="bbox 0 2179 2978 2290; baseline 0.001 -21"><span class='ocrx_word' id='word_1_128' title='bbox 0 2179 7 2269; x_wconf 72' lang='grc' dir='ltr'>Ι</span> <span class='ocrx_word' id='word_1_129' title='bbox 410 2206 736 2274; x_wconf 84' lang='lat' dir='ltr'>CCXCVI.</span> <span class='ocrx_word' id='word_1_130' title='bbox 785 2207 1122 2275; x_wconf 73' lang='lat' dir='ltr'>Decretum</span> <span class='ocrx_word' id='word_1_131' title='bbox 1189 2224 1376 2289; x_wconf 84' lang='lat' dir='ltr'>super</span> <span class='ocrx_word' id='word_1_132' title='bbox 1440 2205 1913 2288; x_wconf 77' lang='lat' dir='ltr'>participatione</span> <span class='ocrx_word' id='word_1_133' title='bbox 1962 2208 2242 2272; x_wconf 92' lang='lat' dir='ltr'>omnium</span> <span class='ocrx_word' id='word_1_134' title='bbox 2289 2209 2702 2290; x_wconf 85' lang='lat' dir='ltr'>proventuum</span> <span class='ocrx_word' id='word_1_135' title='bbox 2749 2210 2812 2272; x_wconf 88' lang='lat' dir='ltr'>in</span> <span class='ocrx_word' id='word_1_136' title='bbox 2857 2207 2978 2272; x_wconf 81' lang='lat' dir='ltr'>Ec·</span> 
     </span>
     <span class='ocr_line' id='line_1_19' title="bbox 0 2287 2978 2423; baseline -0.001 -63"><span class='ocrx_word' id='word_1_137' title='bbox 0 2287 9 2423; x_wconf 58' lang='lat' dir='ltr'>f</span> <span class='ocrx_word' id='word_1_138' title='bbox 990 2293 1202 2377; x_wconf 80' lang='lat' dir='ltr'>closis,</span> <span class='ocrx_word' id='word_1_139' title='bbox 1236 2292 1513 2358; x_wconf 83' lang='lat' dir='ltr'>serviens</span> <span class='ocrx_word' id='word_1_140' title='bbox 1542 2292 1991 2358; x_wconf 87' lang='lat' dir='ltr'>Illustrissimis</span> <span class='ocrx_word' id='word_1_141' title='bbox 2022 2293 2308 2360; x_wconf 88' lang='lat' dir='ltr'>Dominis</span> <span class='ocrx_word' id='word_1_142' title='bbox 2340 2293 2413 2358; x_wconf 89' lang='lat' dir='ltr'>ad</span> <span class='ocrx_word' id='word_1_143' title='bbox 2448 2293 2748 2360; x_wconf 86' lang='lat' dir='ltr'>Tribuual</span> <span class='ocrx_word' id='word_1_144' title='bbox 2777 2292 2978 2380; x_wconf 83' lang='lat' dir='ltr'>Regni</span> 
     </span>
     <span class='ocr_line' id='line_1_20' title="bbox 0 2379 3181 2464; baseline -0.002 -13"><span class='ocrx_word' id='word_1_145' title='bbox 0 2389 29 2451; x_wconf 73' lang='grc'>,’</span> <span class='ocrx_word' id='word_1_146' title='bbox 984 2379 1321 2463; x_wconf 89' lang='lat' dir='ltr'>Deputatis</span> <span class='ocrx_word' id='word_1_147' title='bbox 1369 2380 1692 2460; x_wconf 83' lang='lat' dir='ltr'>(Statutum</span> <span class='ocrx_word' id='word_1_148' title='bbox 1741 2382 2074 2456; x_wconf 82' lang='lat' dir='ltr'>Capitulare</span> <span class='ocrx_word' id='word_1_149' title='bbox 2125 2385 2313 2461; x_wconf 81' lang='grc'><strong>1744,</strong></span> <span class='ocrx_word' id='word_1_150' title='bbox 2362 2382 2508 2444; x_wconf 89' lang='lat' dir='ltr'>Cod.</span> <span class='ocrx_word' id='word_1_151' title='bbox 2554 2385 2666 2463; x_wconf 86' lang='lat' dir='ltr'>IX,</span> <span class='ocrx_word' id='word_1_152' title='bbox 2713 2382 2881 2464; x_wconf 86' lang='lat' dir='ltr'><strong>XIV)</strong></span> <span class='ocrx_word' id='word_1_153' title='bbox 2978 2429 2993 2444; x_wconf 95' lang='lat'>.</span> <span class='ocrx_word' id='word_1_154' title='bbox 3053 2379 3181 2444; x_wconf 97' lang='grc'>236</span> 
     </span>
     <span class='ocr_line' id='line_1_21' title="bbox 0 2465 2979 2536; baseline -0.002 0"><span class='ocrx_word' id='word_1_155' title='bbox 0 2471 6 2516; x_wconf 43' lang='grc'><strong>1</strong></span> <span class='ocrx_word' id='word_1_156' title='bbox 366 2469 726 2536; x_wconf 80' lang='lat' dir='ltr'>CCXCVII.</span> <span class='ocrx_word' id='word_1_157' title='bbox 781 2467 1115 2535; x_wconf 88' lang='lat' dir='ltr'>Decretum</span> <span class='ocrx_word' id='word_1_158' title='bbox 1162 2486 1283 2534; x_wconf 92' lang='lat' dir='ltr'>non</span> <span class='ocrx_word' id='word_1_159' title='bbox 1329 2465 1567 2530; x_wconf 88' lang='lat' dir='ltr'>habens</span> <span class='ocrx_word' id='word_1_160' title='bbox 1614 2468 1740 2532; x_wconf 83' lang='lat' dir='ltr'>vim</span> <span class='ocrx_word' id='word_1_161' title='bbox 1788 2465 2019 2532; x_wconf 87' lang='lat' dir='ltr'>Statuti</span> <span class='ocrx_word' id='word_1_162' title='bbox 2079 2467 2159 2534; x_wconf 87' lang='lat' dir='ltr'>ad</span> <span class='ocrx_word' id='word_1_163' title='bbox 2204 2467 2537 2534; x_wconf 84' lang='lat' dir='ltr'>solvendas</span> <span class='ocrx_word' id='word_1_164' title='bbox 2582 2486 2804 2534; x_wconf 86' lang='lat' dir='ltr'>vaccas</span> <span class='ocrx_word' id='word_1_165' title='bbox 2849 2473 2979 2533; x_wconf 91' lang='lat' dir='ltr'>tam</span> 
     </span>
     <span class='ocr_line' id='line_1_22' title="bbox 0 2521 2974 2639; baseline -0.001 -20"><span class='ocrx_word' id='word_1_166' title='bbox 0 2521 3 2636; x_wconf 47' lang='grc' dir='ltr'>ᾗ</span> <span class='ocrx_word' id='word_1_167' title='bbox 988 2555 1050 2619; x_wconf 91' lang='lat' dir='ltr'>in</span> <span class='ocrx_word' id='word_1_168' title='bbox 1096 2551 1578 2639; x_wconf 80' lang='lat' dir='ltr'>praestimoniS,</span> <span class='ocrx_word' id='word_1_169' title='bbox 1630 2571 1818 2636; x_wconf 88' lang='lat' dir='ltr'>quam</span> <span class='ocrx_word' id='word_1_170' title='bbox 1864 2551 2074 2619; x_wconf 84' lang='lat' dir='ltr'>fundis</span> <span class='ocrx_word' id='word_1_171' title='bbox 2123 2557 2186 2620; x_wconf 86' lang='lat' dir='ltr'>et</span> <span class='ocrx_word' id='word_1_172' title='bbox 2230 2554 2448 2638; x_wconf 86' lang='lat' dir='ltr'>gratiis</span> <span class='ocrx_word' id='word_1_173' title='bbox 2495 2555 2814 2636; x_wconf 81' lang='lat' dir='ltr'>(Statntum</span> <span class='ocrx_word' id='word_1_174' title='bbox 2861 2555 2974 2618; x_wconf 83' lang='lat' dir='ltr'>Oa·</span> 
     </span>
     <span class='ocr_line' id='line_1_23' title="bbox 985 2639 3170 2722; baseline -0.001 -18"><span class='ocrx_word' id='word_1_175' title='bbox 985 2641 1233 2720; x_wconf 86' lang='lat' dir='ltr'>pitulare</span> <span class='ocrx_word' id='word_1_176' title='bbox 1286 2646 1473 2722; x_wconf 81' lang='grc'><strong>1745,</strong></span> <span class='ocrx_word' id='word_1_177' title='bbox 1524 2642 1668 2704; x_wconf 88' lang='lat' dir='ltr'>Cod.</span> <span class='ocrx_word' id='word_1_178' title='bbox 1719 2644 1818 2718; x_wconf 85' lang='lat' dir='ltr'>lx,</span> <span class='ocrx_word' id='word_1_179' title='bbox 1862 2643 2017 2722; x_wconf 86' lang='lat' dir='ltr'>XIV)</span> <span class='ocrx_word' id='word_1_180' title='bbox 2063 2688 2984 2707; x_wconf 91' lang='grc'><strong>........</strong></span> <span class='ocrx_word' id='word_1_181' title='bbox 3047 2639 3170 2706; x_wconf 89' lang='grc'>237</span> 
     </span>
     <span class='ocr_line' id='line_1_24' title="bbox 332 2725 2976 2812; baseline 0 -20"><span class='ocrx_word' id='word_1_182' title='bbox 332 2727 728 2794; x_wconf 81' lang='lat' dir='ltr'>CCXCVHI.</span> <span class='ocrx_word' id='word_1_183' title='bbox 784 2729 1125 2796; x_wconf 82' lang='lat' dir='ltr'>Decretum</span> <span class='ocrx_word' id='word_1_184' title='bbox 1172 2747 1296 2794; x_wconf 90' lang='lat' dir='ltr'>non</span> <span class='ocrx_word' id='word_1_185' title='bbox 1339 2728 1578 2793; x_wconf 87' lang='lat' dir='ltr'>habens</span> <span class='ocrx_word' id='word_1_186' title='bbox 1624 2728 1752 2792; x_wconf 86' lang='lat' dir='ltr'>vim</span> <span class='ocrx_word' id='word_1_187' title='bbox 1798 2725 2031 2792; x_wconf 86' lang='lat' dir='ltr'>Statuti</span> <span class='ocrx_word' id='word_1_188' title='bbox 2082 2727 2244 2794; x_wconf 86' lang='lat' dir='ltr'>circa</span> <span class='ocrx_word' id='word_1_189' title='bbox 2290 2727 2617 2812; x_wconf 84' lang='lat' dir='ltr'>eligendos</span> <span class='ocrx_word' id='word_1_190' title='bbox 2649 2727 2976 2794; x_wconf 86' lang='lat' dir='ltr'>Archidia·</span> 
     </span>
     <span class='ocr_line' id='line_1_25' title="bbox 994 2812 2981 2900; baseline -0.002 -20"><span class='ocrx_word' id='word_1_191' title='bbox 994 2833 1183 2880; x_wconf 90' lang='lat' dir='ltr'>conos</span> <span class='ocrx_word' id='word_1_192' title='bbox 1228 2821 1341 2898; x_wconf 78' lang='lat' dir='ltr'>pro</span> <span class='ocrx_word' id='word_1_193' title='bbox 1386 2812 1705 2879; x_wconf 86' lang='lat' dir='ltr'>Iudicibus</span> <span class='ocrx_word' id='word_1_194' title='bbox 1754 2813 2089 2896; x_wconf 88' lang='lat' dir='ltr'>Deputatis</span> <span class='ocrx_word' id='word_1_195' title='bbox 2137 2813 2216 2878; x_wconf 90' lang='lat' dir='ltr'>ad</span> <span class='ocrx_word' id='word_1_196' title='bbox 2249 2814 2552 2880; x_wconf 83' lang='lat' dir='ltr'>Tribuual</span> <span class='ocrx_word' id='word_1_197' title='bbox 2590 2816 2791 2900; x_wconf 83' lang='lat' dir='ltr'>Regni</span> <span class='ocrx_word' id='word_1_198' title='bbox 2821 2817 2981 2895; x_wconf 84' lang='lat' dir='ltr'>(Sta-</span> 
     </span>
     <span class='ocr_line' id='line_1_26' title="bbox 989 2901 3178 2984; baseline 0.002 -20"><span class='ocrx_word' id='word_1_199' title='bbox 989 2908 1178 2966; x_wconf 87' lang='lat' dir='ltr'>tutum</span> <span class='ocrx_word' id='word_1_200' title='bbox 1227 2904 1560 2980; x_wconf 84' lang='lat' dir='ltr'>Capitulare</span> <span class='ocrx_word' id='word_1_201' title='bbox 1614 2907 1797 2980; x_wconf 83' lang='grc'><strong>1746,</strong></span> <span class='ocrx_word' id='word_1_202' title='bbox 1849 2903 1995 2964; x_wconf 84' lang='lat' dir='ltr'>Cod.</span> <span class='ocrx_word' id='word_1_203' title='bbox 2051 2904 2148 2982; x_wconf 86' lang='lat' dir='ltr'>IX,</span> <span class='ocrx_word' id='word_1_204' title='bbox 2198 2903 2370 2984; x_wconf 86' lang='lat' dir='ltr'><strong>XIV)</strong></span> <span class='ocrx_word' id='word_1_205' title='bbox 2459 2949 3028 2974; x_wconf 81' lang='grc'><strong><em>......</em></strong></span> <span class='ocrx_word' id='word_1_206' title='bbox 3055 2901 3178 2968; x_wconf 88' lang='grc'>237</span> 
     </span>
     <span class='ocr_line' id='line_1_27' title="bbox 280 2987 2976 3073; baseline 0.001 -20"><span class='ocrx_word' id='word_1_207' title='bbox 280 2987 661 3056; x_wconf 81' lang='lat' dir='ltr'>Reformatio</span> <span class='ocrx_word' id='word_1_208' title='bbox 702 2987 891 3054; x_wconf 81' lang='lat' dir='ltr'>Obori</span> <span class='ocrx_word' id='word_1_209' title='bbox 928 3008 1039 3072; x_wconf 89' lang='lat' dir='ltr'>per</span> <span class='ocrx_word' id='word_1_210' title='bbox 1072 2989 1577 3055; x_wconf 80' lang='lat' dir='ltr'>Illustrissimum</span> <span class='ocrx_word' id='word_1_211' title='bbox 1616 2989 1753 3053; x_wconf 92' lang='lat' dir='ltr'>DD.</span> <span class='ocrx_word' id='word_1_212' title='bbox 1797 2988 2192 3054; x_wconf 83' lang='lat' dir='ltr'>Cardinalem</span> <span class='ocrx_word' id='word_1_213' title='bbox 2235 2988 2558 3054; x_wconf 65' lang='lat' dir='ltr'>Radziwilt</span> <span class='ocrx_word' id='word_1_214' title='bbox 2593 2989 2976 3073; x_wconf 81' lang='lat' dir='ltr'>Episcopum</span> 
     </span>
     <span class='ocr_line' id='line_1_28' title="bbox 597 3075 3182 3158; baseline -0.002 -16"><span class='ocrx_word' id='word_1_215' title='bbox 597 3075 956 3144; x_wconf 76' lang='lat' dir='ltr'>Cracovicu.</span> <span class='ocrx_word' id='word_1_216' title='bbox 1008 3076 1083 3143; x_wconf 88' lang='lat' dir='ltr'>A.</span> <span class='ocrx_word' id='word_1_217' title='bbox 1130 3076 1208 3142; x_wconf 94' lang='lat' dir='ltr'>D.</span> <span class='ocrx_word' id='word_1_218' title='bbox 1261 3075 1426 3139; x_wconf 90' lang='grc'><strong>1596</strong></span> <span class='ocrx_word' id='word_1_219' title='bbox 1470 3076 1636 3141; x_wconf 77' lang='lat' dir='ltr'>facta</span> <span class='ocrx_word' id='word_1_220' title='bbox 1681 3076 1905 3158; x_wconf 82' lang='lat' dir='ltr'>(Codex</span> <span class='ocrx_word' id='word_1_221' title='bbox 1949 3075 2089 3158; x_wconf 88' lang='lat' dir='ltr'><strong>VII)</strong></span> <span class='ocrx_word' id='word_1_222' title='bbox 2199 3121 2994 3141; x_wconf 92' lang='grc'><strong>.......</strong></span> <span class='ocrx_word' id='word_1_223' title='bbox 3053 3075 3182 3138; x_wconf 85' lang='grc'>239</span> 
     </span>
     <span class='ocr_line' id='line_1_29' title="bbox 283 3160 3176 3249; baseline 0 -23"><span class='ocrx_word' id='word_1_224' title='bbox 283 3160 550 3228; x_wconf 82' lang='lat' dir='ltr'>Decreta</span> <span class='ocrx_word' id='word_1_225' title='bbox 580 3163 881 3230; x_wconf 82' lang='lat' dir='ltr'>Bernardi</span> <span class='ocrx_word' id='word_1_226' title='bbox 912 3163 1332 3243; x_wconf 75' lang='lat' dir='ltr'>Maciejowski</span> <span class='ocrx_word' id='word_1_227' title='bbox 1363 3163 1537 3247; x_wconf 84' lang='lat' dir='ltr'>Epis.</span> <span class='ocrx_word' id='word_1_228' title='bbox 1572 3160 1931 3229; x_wconf 83' lang='lat' dir='ltr'>Cracovien.</span> <span class='ocrx_word' id='word_1_229' title='bbox 1961 3161 2033 3228; x_wconf 89' lang='lat' dir='ltr'>A.</span> <span class='ocrx_word' id='word_1_230' title='bbox 2067 3162 2146 3228; x_wconf 94' lang='lat' dir='ltr'>D.</span> <span class='ocrx_word' id='word_1_231' title='bbox 2190 3161 2356 3228; x_wconf 88' lang='grc'><strong>1602</strong></span> <span class='ocrx_word' id='word_1_232' title='bbox 2387 3161 2552 3229; x_wconf 78' lang='lat' dir='ltr'>facta</span> <span class='ocrx_word' id='word_1_233' title='bbox 2579 3163 2805 3249; x_wconf 60' lang='lat' dir='ltr'>(Codex</span> <span class='ocrx_word' id='word_1_234' title='bbox 2830 3164 2998 3247; x_wconf 90' lang='lat' dir='ltr'><strong>VII).</strong></span> <span class='ocrx_word' id='word_1_235' title='bbox 3055 3163 3176 3227; x_wconf 92' lang='grc'>251</span> 
     </span>
     <span class='ocr_line' id='line_1_30' title="bbox 280 3248 3185 3333; baseline 0 -20"><span class='ocrx_word' id='word_1_236' title='bbox 280 3249 545 3315; x_wconf 89' lang='lat' dir='ltr'>Decreta</span> <span class='ocrx_word' id='word_1_237' title='bbox 590 3250 757 3317; x_wconf 89' lang='lat' dir='ltr'>Petri</span> <span class='ocrx_word' id='word_1_238' title='bbox 804 3250 1045 3333; x_wconf 81' lang='lat' dir='ltr'>Tylicki</span> <span class='ocrx_word' id='word_1_239' title='bbox 1093 3250 1267 3333; x_wconf 83' lang='lat' dir='ltr'>Epis.</span> <span class='ocrx_word' id='word_1_240' title='bbox 1322 3249 1683 3317; x_wconf 85' lang='lat' dir='ltr'>Cracovien.</span> <span class='ocrx_word' id='word_1_241' title='bbox 1734 3250 1809 3315; x_wconf 88' lang='lat' dir='ltr'>A.</span> <span class='ocrx_word' id='word_1_242' title='bbox 1861 3249 1941 3314; x_wconf 91' lang='lat' dir='ltr'>D.</span> <span class='ocrx_word' id='word_1_243' title='bbox 1998 3248 2166 3314; x_wconf 87' lang='grc'><strong>1612</strong></span> <span class='ocrx_word' id='word_1_244' title='bbox 2212 3249 2378 3315; x_wconf 87' lang='lat' dir='ltr'>facta</span> <span class='ocrx_word' id='word_1_245' title='bbox 2421 3254 2640 3330; x_wconf 76' lang='lat' dir='ltr'>(Codex</span> <span class='ocrx_word' id='word_1_246' title='bbox 2687 3254 2822 3333; x_wconf 88' lang='lat' dir='ltr'><strong>VII)</strong></span> <span class='ocrx_word' id='word_1_247' title='bbox 2853 3301 2869 3317; x_wconf 87' lang='lat'>.</span> <span class='ocrx_word' id='word_1_248' title='bbox 2981 3298 2998 3315; x_wconf 98' lang='lat'>.</span> <span class='ocrx_word' id='word_1_249' title='bbox 3057 3250 3185 3315; x_wconf 88' lang='grc'>255</span> 
     </span>
     <span class='ocr_line' id='line_1_31' title="bbox 279 3335 3184 3423; baseline 0 -23"><span class='ocrx_word' id='word_1_250' title='bbox 279 3335 546 3401; x_wconf 87' lang='lat' dir='ltr'>Decreta</span> <span class='ocrx_word' id='word_1_251' title='bbox 592 3338 767 3403; x_wconf 87' lang='lat' dir='ltr'>Petri</span> <span class='ocrx_word' id='word_1_252' title='bbox 813 3336 1141 3405; x_wconf 78' lang='lat' dir='ltr'>Gembicki</span> <span class='ocrx_word' id='word_1_253' title='bbox 1186 3337 1359 3419; x_wconf 78' lang='lat' dir='ltr'>EpiS.</span> <span class='ocrx_word' id='word_1_254' title='bbox 1411 3336 1769 3403; x_wconf 86' lang='lat' dir='ltr'>Cracovien.</span> <span class='ocrx_word' id='word_1_255' title='bbox 1820 3339 1899 3402; x_wconf 93' lang='lat' dir='ltr'>A.</span> <span class='ocrx_word' id='word_1_256' title='bbox 1952 3336 2031 3401; x_wconf 94' lang='lat' dir='ltr'>D.</span> <span class='ocrx_word' id='word_1_257' title='bbox 2091 3335 2251 3401; x_wconf 85' lang='lat'>1651</span> <span class='ocrx_word' id='word_1_258' title='bbox 2302 3336 2468 3403; x_wconf 87' lang='lat' dir='ltr'>facta</span> <span class='ocrx_word' id='word_1_259' title='bbox 2512 3340 2730 3421; x_wconf 76' lang='lat' dir='ltr'>(Codex</span> <span class='ocrx_word' id='word_1_260' title='bbox 2774 3339 2994 3423; x_wconf 89' lang='lat' dir='ltr'><strong>VIII).</strong></span> <span class='ocrx_word' id='word_1_261' title='bbox 3053 3336 3184 3402; x_wconf 87' lang='grc'>258</span> 
     </span>
     <span class='ocr_line' id='line_1_32' title="bbox 280 3420 3184 3508; baseline 0.001 -23"><span class='ocrx_word' id='word_1_262' title='bbox 280 3424 527 3489; x_wconf 81' lang='lat' dir='ltr'>statuta</span> <span class='ocrx_word' id='word_1_263' title='bbox 571 3423 922 3490; x_wconf 81' lang='lat' dir='ltr'>Summaria&#39;</span> <span class='ocrx_word' id='word_1_264' title='bbox 967 3425 1196 3508; x_wconf 81' lang='lat' dir='ltr'>(Codex</span> <span class='ocrx_word' id='word_1_265' title='bbox 1244 3428 1295 3507; x_wconf 92' lang='lat'>1,</span> <span class='ocrx_word' id='word_1_266' title='bbox 1343 3428 1425 3507; x_wconf 91' lang='lat'>11,</span> <span class='ocrx_word' id='word_1_267' title='bbox 1468 3420 1588 3507; x_wconf 90' lang='lat' dir='ltr'><strong>III)</strong></span> <span class='ocrx_word' id='word_1_268' title='bbox 1677 3470 2996 3491; x_wconf 91' lang='grc'><strong>...........</strong></span> <span class='ocrx_word' id='word_1_269' title='bbox 3053 3422 3184 3489; x_wconf 87' lang='grc'>264</span> 
     </span>
     <span class='ocr_line' id='line_1_33' title="bbox 280 3508 2992 3595; baseline 0.001 -19"><span class='ocrx_word' id='word_1_270' title='bbox 280 3508 596 3576; x_wconf 87' lang='lat' dir='ltr'>Statutum</span> <span class='ocrx_word' id='word_1_271' title='bbox 639 3510 714 3577; x_wconf 93' lang='lat' dir='ltr'>de</span> <span class='ocrx_word' id='word_1_272' title='bbox 746 3510 1160 3594; x_wconf 85' lang='lat' dir='ltr'>suspiciendis</span> <span class='ocrx_word' id='word_1_273' title='bbox 1204 3513 1267 3577; x_wconf 91' lang='lat' dir='ltr'>et</span> <span class='ocrx_word' id='word_1_274' title='bbox 1303 3510 1678 3595; x_wconf 86' lang='lat' dir='ltr'>exequendis</span> <span class='ocrx_word' id='word_1_275' title='bbox 1698 3509 1895 3575; x_wconf 86' lang='lat' dir='ltr'>literis</span> <span class='ocrx_word' id='word_1_276' title='bbox 1936 3512 2001 3575; x_wconf 89' lang='lat' dir='ltr'>et</span> <span class='ocrx_word' id='word_1_277' title='bbox 2032 3511 2430 3593; x_wconf 86' lang='lat' dir='ltr'>processibus</span> <span class='ocrx_word' id='word_1_278' title='bbox 2459 3529 2992 3595; x_wconf 84' lang='lat' dir='ltr'>quorumcumque</span> 
     </span>
     <span class='ocr_line' id='line_1_34' title="bbox 589 3595 3186 3681; baseline -0.001 -19"><span class='ocrx_word' id='word_1_279' title='bbox 589 3598 886 3663; x_wconf 84' lang='lat' dir='ltr'>iudicium</span> <span class='ocrx_word' id='word_1_280' title='bbox 912 3598 1018 3681; x_wconf 83' lang='lat' dir='ltr'>(Ex</span> <span class='ocrx_word' id='word_1_281' title='bbox 1046 3600 1290 3662; x_wconf 73' lang='lat' dir='ltr'>statutis</span> <span class='ocrx_word' id='word_1_282' title='bbox 1320 3602 1705 3679; x_wconf 73' lang='lat' dir='ltr'>synodalibus</span> <span class='ocrx_word' id='word_1_283' title='bbox 1730 3601 1986 3661; x_wconf 72' lang='lat' dir='ltr'>&#39;rhomae</span> <span class='ocrx_word' id='word_1_284' title='bbox 2031 3601 2388 3675; x_wconf 75' lang='lat' dir='ltr'>Strzepiiiski</span> <span class='ocrx_word' id='word_1_285' title='bbox 2414 3601 2522 3675; x_wconf 83' lang='lat' dir='ltr'>Ep.</span> <span class='ocrx_word' id='word_1_286' title='bbox 2555 3601 2716 3663; x_wconf 87' lang='lat' dir='ltr'>Crac.</span> <span class='ocrx_word' id='word_1_287' title='bbox 2772 3603 2996 3677; x_wconf 82' lang='grc'><strong>1459).</strong></span> <span class='ocrx_word' id='word_1_288' title='bbox 3057 3595 3186 3661; x_wconf 81' lang='grc'>275</span> 
     </span>
     <span class='ocr_line' id='line_1_35' title="bbox 280 3680 3187 3769; baseline 0 -20"><span class='ocrx_word' id='word_1_289' title='bbox 280 3680 674 3751; x_wconf 89' lang='lat' dir='ltr'>Combinatio</span> <span class='ocrx_word' id='word_1_290' title='bbox 720 3684 1113 3752; x_wconf 89' lang='lat' dir='ltr'>Statutorum</span> <span class='ocrx_word' id='word_1_291' title='bbox 1164 3682 1437 3769; x_wconf 77' lang='lat' dir='ltr'>Capituli</span> <span class='ocrx_word' id='word_1_292' title='bbox 1484 3686 1559 3751; x_wconf 87' lang='lat' dir='ltr'>A.</span> <span class='ocrx_word' id='word_1_293' title='bbox 1607 3685 1688 3751; x_wconf 91' lang='lat' dir='ltr'>D.</span> <span class='ocrx_word' id='word_1_294' title='bbox 1740 3682 1907 3748; x_wconf 90' lang='grc'><strong>1618</strong></span> <span class='ocrx_word' id='word_1_295' title='bbox 1952 3684 2122 3750; x_wconf 88' lang='lat' dir='ltr'>facta</span> <span class='ocrx_word' id='word_1_296' title='bbox 2167 3686 2383 3769; x_wconf 77' lang='lat' dir='ltr'>(Codex</span> <span class='ocrx_word' id='word_1_297' title='bbox 2429 3686 2504 3769; x_wconf 87' lang='lat' dir='ltr'>X)</span> <span class='ocrx_word' id='word_1_298' title='bbox 2593 3736 2608 3750; x_wconf 92' lang='lat'>.</span> <span class='ocrx_word' id='word_1_299' title='bbox 2725 3735 2740 3751; x_wconf 90' lang='lat'>.</span> <span class='ocrx_word' id='word_1_300' title='bbox 2853 3733 2869 3749; x_wconf 96' lang='lat'>.</span> <span class='ocrx_word' id='word_1_301' title='bbox 2985 3735 2998 3747; x_wconf 96' lang='lat'>.</span> <span class='ocrx_word' id='word_1_302' title='bbox 3058 3682 3187 3749; x_wconf 88' lang='grc'>276</span> 
     </span>
     <span class='ocr_line' id='line_1_36' title="bbox 278 3770 1167 3839; baseline 0.001 -4"><span class='ocrx_word' id='word_1_303' title='bbox 278 3770 610 3838; x_wconf 79' lang='lat' dir='ltr'>Formulae</span> <span class='ocrx_word' id='word_1_304' title='bbox 652 3770 1167 3839; x_wconf 88' lang='lat' dir='ltr'>iuramentorum.</span> 
     </span>
    </p>
   </div>
   <div class='ocr_carea' id='block_1_3' title="bbox 277 3856 3194 5337">
    <p class='ocr_par' dir='ltr' id='par_1_3' title="bbox 277 3856 3194 5337">
     <span class='ocr_line' id='line_1_37' title="bbox 278 3856 3186 3943; baseline 0.001 -22"><span class='ocrx_word' id='word_1_305' title='bbox 278 3856 510 3924; x_wconf 78' lang='lat' dir='ltr'>Forma</span> <span class='ocrx_word' id='word_1_306' title='bbox 550 3858 884 3925; x_wconf 85' lang='lat' dir='ltr'>iuramenti</span> <span class='ocrx_word' id='word_1_307' title='bbox 928 3858 1226 3943; x_wconf 80' lang='lat' dir='ltr'>Episcopi</span> <span class='ocrx_word' id='word_1_308' title='bbox 1285 3904 2997 3925; x_wconf 91' lang='grc'><strong>..............</strong></span> <span class='ocrx_word' id='word_1_309' title='bbox 3058 3856 3186 3924; x_wconf 87' lang='grc'>299</span> 
     </span>
     <span class='ocr_line' id='line_1_38' title="bbox 283 3943 3190 4030; baseline 0.001 -22"><span class='ocrx_word' id='word_1_310' title='bbox 283 3943 513 4010; x_wconf 83' lang='lat' dir='ltr'>Forma</span> <span class='ocrx_word' id='word_1_311' title='bbox 560 3945 893 4012; x_wconf 84' lang='lat' dir='ltr'>iuramenti</span> <span class='ocrx_word' id='word_1_312' title='bbox 939 3944 1394 4013; x_wconf 86' lang='lat' dir='ltr'>Canonicorum</span> <span class='ocrx_word' id='word_1_313' title='bbox 1443 3945 1687 4011; x_wconf 86' lang='lat' dir='ltr'>noviter</span> <span class='ocrx_word' id='word_1_314' title='bbox 1730 3944 2230 4030; x_wconf 86' lang='lat' dir='ltr'>recipiendorum</span> <span class='ocrx_word' id='word_1_315' title='bbox 2335 3994 2999 4010; x_wconf 93' lang='grc'><strong>......</strong></span> <span class='ocrx_word' id='word_1_316' title='bbox 3059 3944 3190 4011; x_wconf 93' lang='grc'>300</span> 
     </span>
     <span class='ocr_line' id='line_1_39' title="bbox 278 4028 3191 4100; baseline 0 -3"><span class='ocrx_word' id='word_1_317' title='bbox 278 4028 511 4097; x_wconf 73' lang='lat' dir='ltr'>Forma</span> <span class='ocrx_word' id='word_1_318' title='bbox 552 4033 887 4100; x_wconf 82' lang='lat' dir='ltr'>iuramenti</span> <span class='ocrx_word' id='word_1_319' title='bbox 934 4031 1390 4099; x_wconf 81' lang='lat' dir='ltr'>canonicorum</span> <span class='ocrx_word' id='word_1_320' title='bbox 1439 4032 1519 4097; x_wconf 93' lang='lat' dir='ltr'>ad</span> <span class='ocrx_word' id='word_1_321' title='bbox 1565 4032 1751 4099; x_wconf 84' lang='lat' dir='ltr'>stalla</span> <span class='ocrx_word' id='word_1_322' title='bbox 1795 4032 2137 4099; x_wconf 88' lang='lat' dir='ltr'>honorifica</span> <span class='ocrx_word' id='word_1_323' title='bbox 2204 4078 3000 4097; x_wconf 92' lang='grc'><strong>.......</strong></span> <span class='ocrx_word' id='word_1_324' title='bbox 3059 4030 3191 4097; x_wconf 89' lang='grc'>300</span> 
     </span>
     <span class='ocr_line' id='line_1_40' title="bbox 282 4116 3177 4186; baseline 0 -5"><span class='ocrx_word' id='word_1_325' title='bbox 282 4116 513 4184; x_wconf 82' lang='lat' dir='ltr'>Forma</span> <span class='ocrx_word' id='word_1_326' title='bbox 558 4119 893 4186; x_wconf 87' lang='lat' dir='ltr'>iuramenti</span> <span class='ocrx_word' id='word_1_327' title='bbox 939 4118 1398 4186; x_wconf 85' lang='lat' dir='ltr'>Canonicorum</span> <span class='ocrx_word' id='word_1_328' title='bbox 1443 4119 1958 4186; x_wconf 87' lang='lat' dir='ltr'>Academicorum</span> <span class='ocrx_word' id='word_1_329' title='bbox 2077 4164 2999 4186; x_wconf 91' lang='lat'>........</span> <span class='ocrx_word' id='word_1_330' title='bbox 3057 4118 3177 4182; x_wconf 78' lang='grc'>301</span> 
     </span>
     <span class='ocr_line' id='line_1_41' title="bbox 282 4202 3182 4273; baseline 0 -4"><span class='ocrx_word' id='word_1_331' title='bbox 282 4202 513 4272; x_wconf 82' lang='lat' dir='ltr'>Forma</span> <span class='ocrx_word' id='word_1_332' title='bbox 556 4205 889 4272; x_wconf 87' lang='lat' dir='ltr'>iuramenti</span> <span class='ocrx_word' id='word_1_333' title='bbox 938 4207 1489 4273; x_wconf 87' lang='lat' dir='ltr'>Administratoris</span> <span class='ocrx_word' id='word_1_334' title='bbox 1536 4206 1860 4273; x_wconf 87' lang='lat' dir='ltr'>Dioecesis</span> <span class='ocrx_word' id='word_1_335' title='bbox 1940 4254 2998 4272; x_wconf 89' lang='grc'><strong>.........</strong></span> <span class='ocrx_word' id='word_1_336' title='bbox 3058 4206 3182 4270; x_wconf 90' lang='grc'>301</span> 
     </span>
     <span class='ocr_line' id='line_1_42' title="bbox 277 4289 3176 4362; baseline -0 -6"><span class='ocrx_word' id='word_1_337' title='bbox 277 4289 509 4357; x_wconf 83' lang='lat' dir='ltr'>Forma</span> <span class='ocrx_word' id='word_1_338' title='bbox 552 4292 885 4360; x_wconf 91' lang='lat' dir='ltr'>iuramenti</span> <span class='ocrx_word' id='word_1_339' title='bbox 932 4294 1277 4362; x_wconf 86' lang='lat' dir='ltr'>electorum</span> <span class='ocrx_word' id='word_1_340' title='bbox 1325 4294 1403 4360; x_wconf 86' lang='lat' dir='ltr'>ad</span> <span class='ocrx_word' id='word_1_341' title='bbox 1448 4293 1681 4360; x_wconf 87' lang='lat' dir='ltr'>iudicia</span> <span class='ocrx_word' id='word_1_342' title='bbox 1724 4292 2145 4360; x_wconf 80' lang='lat' dir='ltr'>Tribuualitia</span> <span class='ocrx_word' id='word_1_343' title='bbox 2207 4339 3000 4359; x_wconf 86' lang='grc'><strong>.......</strong></span> <span class='ocrx_word' id='word_1_344' title='bbox 3060 4290 3176 4356; x_wconf 86' lang='grc'>301</span> 
     </span>
     <span class='ocr_line' id='line_1_43' title="bbox 280 4377 3189 4465; baseline 0.001 -22"><span class='ocrx_word' id='word_1_345' title='bbox 280 4377 511 4445; x_wconf 80' lang='lat' dir='ltr'>Forma</span> <span class='ocrx_word' id='word_1_346' title='bbox 552 4379 886 4447; x_wconf 88' lang='lat' dir='ltr'>iuramenti</span> <span class='ocrx_word' id='word_1_347' title='bbox 942 4380 1383 4465; x_wconf 88' lang='lat' dir='ltr'>deputatorum</span> <span class='ocrx_word' id='word_1_348' title='bbox 1430 4381 1510 4447; x_wconf 90' lang='lat' dir='ltr'>ad</span> <span class='ocrx_word' id='word_1_349' title='bbox 1555 4380 1855 4447; x_wconf 81' lang='lat' dir='ltr'>Tribunal</span> <span class='ocrx_word' id='word_1_350' title='bbox 1899 4379 2102 4465; x_wconf 86' lang='lat' dir='ltr'>Regni</span> <span class='ocrx_word' id='word_1_351' title='bbox 2206 4426 3000 4445; x_wconf 92' lang='lat'>.......</span> <span class='ocrx_word' id='word_1_352' title='bbox 3059 4379 3189 4445; x_wconf 87' lang='grc'>302</span> 
     </span>
     <span class='ocr_line' id='line_1_44' title="bbox 278 4464 3190 4553; baseline 0 -23"><span class='ocrx_word' id='word_1_353' title='bbox 278 4464 511 4531; x_wconf 79' lang='lat' dir='ltr'>Forma</span> <span class='ocrx_word' id='word_1_354' title='bbox 554 4467 887 4533; x_wconf 88' lang='lat' dir='ltr'>iuramenti</span> <span class='ocrx_word' id='word_1_355' title='bbox 934 4466 1446 4534; x_wconf 81' lang='lat' dir='ltr'>Examinatorum</span> <span class='ocrx_word' id='word_1_356' title='bbox 1496 4465 1906 4553; x_wconf 81' lang='lat' dir='ltr'>Synodalium</span> <span class='ocrx_word' id='word_1_357' title='bbox 1941 4514 3000 4533; x_wconf 91' lang='grc'><strong>.........</strong></span> <span class='ocrx_word' id='word_1_358' title='bbox 3059 4466 3190 4531; x_wconf 87' lang='grc'>303</span> 
     </span>
     <span class='ocr_line' id='line_1_45' title="bbox 278 4550 3190 4638; baseline 0.001 -22"><span class='ocrx_word' id='word_1_359' title='bbox 278 4550 512 4619; x_wconf 80' lang='lat' dir='ltr'>Forma</span> <span class='ocrx_word' id='word_1_360' title='bbox 554 4553 891 4620; x_wconf 88' lang='lat' dir='ltr'>iuramenti</span> <span class='ocrx_word' id='word_1_361' title='bbox 934 4554 1515 4638; x_wconf 86' lang='lat' dir='ltr'>Viceprocuratoris</span> <span class='ocrx_word' id='word_1_362' title='bbox 1550 4600 2999 4619; x_wconf 89' lang='lat'>............</span> <span class='ocrx_word' id='word_1_363' title='bbox 3061 4552 3190 4619; x_wconf 86' lang='grc'>303</span> 
     </span>
     <span class='ocr_line' id='line_1_46' title="bbox 281 4638 3192 4729; baseline 0.001 -26"><span class='ocrx_word' id='word_1_364' title='bbox 281 4638 512 4706; x_wconf 79' lang='lat' dir='ltr'>Forma</span> <span class='ocrx_word' id='word_1_365' title='bbox 554 4639 892 4706; x_wconf 90' lang='lat' dir='ltr'>iuramenti</span> <span class='ocrx_word' id='word_1_366' title='bbox 939 4641 1381 4709; x_wconf 88' lang='lat' dir='ltr'>Vicecustodis</span> <span class='ocrx_word' id='word_1_367' title='bbox 1420 4690 1437 4707; x_wconf 98' lang='lat'>.</span> <span class='ocrx_word' id='word_1_368' title='bbox 1554 4692 1567 4705; x_wconf 95' lang='lat'>.</span> <span class='ocrx_word' id='word_1_369' title='bbox 1682 4688 1698 4705; x_wconf 94' lang='lat'>.</span> <span class='ocrx_word' id='word_1_370' title='bbox 1813 4690 1827 4704; x_wconf 93' lang='lat'>.</span> <span class='ocrx_word' id='word_1_371' title='bbox 1943 4690 1959 4705; x_wconf 92' lang='lat'>.</span> <span class='ocrx_word' id='word_1_372' title='bbox 2075 4690 2089 4704; x_wconf 93' lang='lat'>.</span> <span class='ocrx_word' id='word_1_373' title='bbox 2205 4692 2219 4704; x_wconf 91' lang='lat'>.</span> <span class='ocrx_word' id='word_1_374' title='bbox 2333 4686 2350 4705; x_wconf 91' lang='lat'>.</span> <span class='ocrx_word' id='word_1_375' title='bbox 2465 4691 2478 4705; x_wconf 91' lang='lat'>.</span> <span class='ocrx_word' id='word_1_376' title='bbox 2592 4687 2609 4729; x_wconf 79' lang='lat'><em>=</em></span> <span class='ocrx_word' id='word_1_377' title='bbox 2725 4688 2743 4703; x_wconf 83' lang='lat'>.</span> <span class='ocrx_word' id='word_1_378' title='bbox 2845 4689 2870 4711; x_wconf 84' lang='grc'>,.</span> <span class='ocrx_word' id='word_1_379' title='bbox 2988 4691 3002 4705; x_wconf 93' lang='grc'><strong>.</strong></span> <span class='ocrx_word' id='word_1_380' title='bbox 3061 4638 3192 4705; x_wconf 87' lang='grc'>303</span> 
     </span>
     <span class='ocr_line' id='line_1_47' title="bbox 284 4724 3194 4813; baseline 0 -23"><span class='ocrx_word' id='word_1_381' title='bbox 284 4725 513 4792; x_wconf 84' lang='lat' dir='ltr'>Forma</span> <span class='ocrx_word' id='word_1_382' title='bbox 555 4727 891 4793; x_wconf 84' lang='lat' dir='ltr'>iuramenti</span> <span class='ocrx_word' id='word_1_383' title='bbox 938 4726 1186 4793; x_wconf 85' lang='lat' dir='ltr'>Notarii</span> <span class='ocrx_word' id='word_1_384' title='bbox 1236 4725 1509 4813; x_wconf 85' lang='lat' dir='ltr'>Capituli</span> <span class='ocrx_word' id='word_1_385' title='bbox 1550 4773 3002 4795; x_wconf 92' lang='lat'>............</span> <span class='ocrx_word' id='word_1_386' title='bbox 3061 4724 3194 4791; x_wconf 88' lang='grc'>304</span> 
     </span>
     <span class='ocr_line' id='line_1_48' title="bbox 284 4812 3192 4881; baseline -0.001 -2"><span class='ocrx_word' id='word_1_387' title='bbox 284 4812 514 4879; x_wconf 84' lang='lat' dir='ltr'>Forma</span> <span class='ocrx_word' id='word_1_388' title='bbox 560 4813 894 4881; x_wconf 88' lang='lat' dir='ltr'>iuramenti</span> <span class='ocrx_word' id='word_1_389' title='bbox 948 4815 1350 4880; x_wconf 76' lang='lat' dir='ltr'>Punctatoris</span> <span class='ocrx_word' id='word_1_390' title='bbox 1422 4862 3002 4880; x_wconf 88' lang='lat'>.............</span> <span class='ocrx_word' id='word_1_391' title='bbox 3061 4812 3192 4877; x_wconf 87' lang='grc'>304</span> 
     </span>
     <span class='ocr_line' id='line_1_49' title="bbox 282 4896 3194 4969; baseline 0 -5"><span class='ocrx_word' id='word_1_392' title='bbox 282 4896 522 4966; x_wconf 80' lang='lat' dir='ltr'>Forma</span> <span class='ocrx_word' id='word_1_393' title='bbox 566 4900 905 4966; x_wconf 89' lang='lat' dir='ltr'>iuramenti</span> <span class='ocrx_word' id='word_1_394' title='bbox 951 4902 1215 4967; x_wconf 87' lang='lat' dir='ltr'>testium</span> <span class='ocrx_word' id='word_1_395' title='bbox 1262 4902 1341 4969; x_wconf 89' lang='lat' dir='ltr'>ad</span> <span class='ocrx_word' id='word_1_396' title='bbox 1389 4901 1817 4969; x_wconf 89' lang='lat' dir='ltr'>deducendam</span> <span class='ocrx_word' id='word_1_397' title='bbox 1864 4900 2259 4968; x_wconf 89' lang='lat' dir='ltr'>nobilitatem</span> <span class='ocrx_word' id='word_1_398' title='bbox 2340 4947 3005 4967; x_wconf 90' lang='lat'>......</span> <span class='ocrx_word' id='word_1_399' title='bbox 3063 4900 3194 4964; x_wconf 86' lang='lat'>304</span> 
     </span>
     <span class='ocr_line' id='line_1_50' title="bbox 285 4985 3192 5056; baseline -0 -5"><span class='ocrx_word' id='word_1_400' title='bbox 285 4985 518 5052; x_wconf 82' lang='lat' dir='ltr'>Forma</span> <span class='ocrx_word' id='word_1_401' title='bbox 563 4986 895 5053; x_wconf 87' lang='lat' dir='ltr'>iuramenti</span> <span class='ocrx_word' id='word_1_402' title='bbox 945 4988 1361 5055; x_wconf 90' lang='lat' dir='ltr'>Alumnorum</span> <span class='ocrx_word' id='word_1_403' title='bbox 1410 4988 1793 5055; x_wconf 86' lang='lat' dir='ltr'>fundationis</span> <span class='ocrx_word' id='word_1_404' title='bbox 1840 4986 2317 5056; x_wconf 67' lang='lat' dir='ltr'>Slovikovianae</span> <span class='ocrx_word' id='word_1_405' title='bbox 2332 5034 2996 5054; x_wconf 92' lang='lat'>......</span> <span class='ocrx_word' id='word_1_406' title='bbox 3061 4986 3192 5051; x_wconf 87' lang='grc'>305</span> 
     </span>
     <span class='ocr_line' id='line_1_51' title="bbox 280 5072 3189 5142; baseline 0 -5"><span class='ocrx_word' id='word_1_407' title='bbox 280 5072 671 5140; x_wconf 89' lang='lat' dir='ltr'>Introductio</span> <span class='ocrx_word' id='word_1_408' title='bbox 720 5075 865 5140; x_wconf 74' lang='lat' dir='ltr'>novi</span> <span class='ocrx_word' id='word_1_409' title='bbox 914 5074 1191 5141; x_wconf 89' lang='lat' dir='ltr'>Praelati</span> <span class='ocrx_word' id='word_1_410' title='bbox 1238 5076 1300 5142; x_wconf 91' lang='lat' dir='ltr'>et</span> <span class='ocrx_word' id='word_1_411' title='bbox 1346 5074 1650 5142; x_wconf 87' lang='lat' dir='ltr'>Canonici</span> <span class='ocrx_word' id='word_1_412' title='bbox 1679 5121 2998 5141; x_wconf 90' lang='grc'><strong>...........</strong></span> <span class='ocrx_word' id='word_1_413' title='bbox 3063 5073 3189 5138; x_wconf 86' lang='grc'>307</span> 
     </span>
     <span class='ocr_line' id='line_1_52' title="bbox 282 5158 3180 5248; baseline -0.001 -20"><span class='ocrx_word' id='word_1_414' title='bbox 282 5158 449 5244; x_wconf 80' lang='lat' dir='ltr'>Stroj</span> <span class='ocrx_word' id='word_1_415' title='bbox 497 5158 863 5227; x_wconf 76' lang='lat' dir='ltr'>kanonikow</span> <span class='ocrx_word' id='word_1_416' title='bbox 907 5163 930 5227; x_wconf 91' lang='lat' dir='ltr'>i</span> <span class='ocrx_word' id='word_1_417' title='bbox 977 5163 1281 5247; x_wconf 76' lang='lat' dir='ltr'>pralatow</span> <span class='ocrx_word' id='word_1_418' title='bbox 1328 5163 1569 5248; x_wconf 75' lang='lat' dir='ltr'>podlug</span> <span class='ocrx_word' id='word_1_419' title='bbox 1612 5162 1893 5229; x_wconf 63' lang='lat' dir='ltr'>roinosci</span> <span class='ocrx_word' id='word_1_420' title='bbox 1940 5164 2178 5231; x_wconf 72' lang='lat' dir='ltr'>czasow</span> <span class='ocrx_word' id='word_1_421' title='bbox 2202 5208 2998 5229; x_wconf 90' lang='grc'><strong>.......</strong></span> <span class='ocrx_word' id='word_1_422' title='bbox 3063 5160 3180 5225; x_wconf 86' lang='grc'>311</span> 
     </span>
     <span class='ocr_line' id='line_1_53' title="bbox 1428 5298 2048 5337; baseline -0.003 0"><span class='ocrx_word' id='word_1_423' title='bbox 1428 5298 2048 5337; x_wconf 51' lang='grc' dir='ltr'>ψ</span> 
     </span>
    </p>
   </div>
   <div class='ocr_carea' id='block_1_4' title="bbox 2797 5350 2882 5415">
    <p class='ocr_par' dir='ltr' id='par_1_4' title="bbox 2797 5350 2882 5415">
     <span class='ocr_line' id='line_1_54' title="bbox 2797 5350 2882 5415; baseline 0 0"><span class='ocrx_word' id='word_1_424' title='bbox 2797 5350 2882 5415; x_wconf 84' lang='grc'>42</span> 
     </span>
    </p>
   </div>
  </div>
 </body>
</html>
