4055 6364
1393 786 1492 799 —
1565 803 1573 812 .
1608 740 1751 818 153
1864 787 1955 799 —

1429 950 1911 1053 CLXXIV.

218 1148 627 1231 Decretum
707 1166 799 1229 ex
872 1147 1095 1247 parte
1168 1144 1501 1349 soivcngi
1547 1143 2357 1348 'jugandi-’inuramus
2436 1140 2644 1223 Anno
2714 1140 2931 1223 1600.
3000 1141 3129 1224 Dio

1601 1287 1644 1349 e
1698 1285 1945 1347 ruarn.

432 1479 614 1555 Cum
658 1487 856 1554 esset
891 1502 1024 1576 per
1057 1478 1442 1552 nonnullos
1496 1477 1877 1552 Praelatos
1932 1476 2021 1549 dc
2061 1474 2510 1549 meliorando
2565 1473 2834 1547 salario
2890 1470 3126 1567 Orga-

214 1602 423 1677 nario
478 1602 859 1675 Ecclesiae
916 1602 1384 1699 propositum,
1440 1600 1656 1674 iidem
1695 1595 2108 1673 Reverendi
2163 1596 2458 1670 Domini
2510 1594 2830 1670 Praelati
2877 1603 2947 1670 et
2983 1593 3125 1670 Ca-

209 1723 459 1797 nonici
502 1724 831 1798 volentes
886 1723 1118 1798 eidem
1178 1722 1586 1819 Organario
1642 1722 1782 1796 hac
1816 1722 1889 1794 in
1929 1728 2134 1817 parte
2189 1718 2591 1811 consulere,
2651 1718 3128 1793 decreverunt

213 1846 352 1920 sub
380 1847 907 1944 approbatione
943 1853 1181 1920 tamen
1215 1844 1834 1921 Reverendissimi
1872 1841 2169 1917 Domini
2204 1840 2389 1915 Loci
2427 1838 2825 1914 Ordinarii:
2867 1847 2944 1915 ut
2971 1841 3123 1937 qui-

210 1968 393 2043 libet
426 1968 503 2042 in
538 1976 903 2065 posterum
938 1968 1319 2043 Praelatus
1358 1977 1428 2042 et
1468 1967 1879 2042 Canonicus
1919 1962 2432 2038 Cracoviensis
2468 1961 2905 2058 receptionis
2947 1984 3124 2037 suae

211 2088 305 2163 ad
362 2088 779 2188 Capitulum
854 2113 981 2165 seu
1035 2089 1329 2165 iucundi
1395 2092 1773 2185 ingressus
1836 2111 2121 2162 marcas
2185 2083 2501 2160 sedecim
2565 2084 2915 2179 pecuniae
2969 2106 3119 2160 mo-

212 2219 429 2285 netae
482 2220 556 2285 et
608 2212 884 2287 numeri
936 2212 1367 2307 poloniealis
1422 2213 1679 2307 solvat,
1738 2236 1829 2285 ex
1884 2212 2145 2308 quibus
2201 2207 2755 2306 quatuordecem
2810 2229 3119 2301 marcae,

209 2343 431 2432 prout
483 2334 833 2409 hactenus
888 2335 1344 2409 observatum
1400 2341 1551 2424 est,
1611 2335 1686 2408 in
1742 2356 1869 2408 eos
1922 2355 2131 2425 usus,
2186 2332 2260 2405 in
2311 2352 2494 2425 quos
2546 2328 2894 2402 hactenus
2949 2351 3118 2404 con-

208 2455 697 2548 vertebantur,
790 2463 1313 2551 convertentur,
1388 2458 1575 2532 duae
1655 2479 1830 2531 vero
1914 2451 2423 2552 superadditae
2507 2448 2914 2544 Organario
2986 2475 3120 2549 pro

208 2584 535 2674 tempore
589 2578 925 2651 existenti
978 2576 1275 2675 cedent;
1342 2580 1466 2675 qui
1519 2580 1731 2653 etiam
1788 2576 2241 2672 Organarius
2309 2573 2540 2647 eidem
2594 2570 2933 2646 Praelato
2989 2595 3120 2647 seu

210 2695 584 2773 Canonico
614 2700 935 2796 primam
990 2699 1295 2777 Missam
1350 2702 1783 2794 celebranti,
1842 2700 1905 2773 si
1958 2697 2306 2791 voluerit,
2372 2694 2728 2770 tenebitur
2800 2691 3119 2788 Organis

208 2819 485 2895 ludere.

1448 3011 1885 3114 CLXXV.

210 3220 473 3304 Modus
529 3221 854 3305 faciendi
912 3222 1272 3305 iustitiam
1332 3243 1424 3306 ox
1479 3221 1800 3306 subditis
1856 3223 1923 3303 in
1980 3224 2571 3324 praestimoniis,
2640 3229 2936 3313 rationo
2992 3231 3116 3313 de-

313 3343 629 3428 bitorum
689 3365 826 3446 per
885 3345 1045 3428 ilios
1102 3347 1690 3428 contractorum.
1748 3345 1954 3429 Anno
2019 3345 2240 3430 1600.
2298 3347 2426 3428 uio
2485 3347 2565 3429 18
2621 3348 3024 3434 Februarii.

417 3537 997 3636 Proponentibus
1048 3539 1295 3614 itidem
1350 3540 1713 3614 nonnullis
1766 3539 2124 3615 Praelatis
2177 3541 2249 3613 in
2307 3541 2602 3636 querela
2657 3542 2746 3616 de
2802 3543 3110 3620 difficul-

210 3667 355 3734 tate
393 3659 911 3755 exigendorum
951 3660 1349 3737 debitorum
1385 3664 1479 3737 ab
1521 3662 1783 3736 incolis
1818 3662 2174 3736 Villarum
2213 3664 2924 3761 praestimonialium,
2963 3675 3110 3742 tum

212 3789 281 3854 et
315 3765 963 3879 procrastinatione
1014 3783 1653 3858 administrationis
1688 3784 2001 3858 iustitiae
2042 3785 2132 3858 de
2170 3783 2442 3858 eisdem
2484 3809 2575 3859 ex
2611 3794 2815 3883 parte
2855 3810 3108 3863 eorun-

212 3901 371 3976 dem
414 3903 810 3980 debitorum
850 3905 946 3979 ab
979 3907 1299 4003 ipsorum
1338 3905 1688 4000 Regente,
1746 3906 2289 3981 concluserunt:
2349 3915 2426 3981 ut
2460 3907 2700 3981 taliter
2735 3909 3111 3985 iniuriatus

210 4023 589 4102 Praelatus
640 4029 758 4102 vel
815 4026 1229 4103 Canonicus
1279 4029 1608 4104 iniuriam
1664 4052 1866 4103 suam
1922 4029 2413 4126 capitulariter
2466 4038 2858 4128 proponat,
2918 4029 3109 4127 quod

211 4169 295 4220 eo
349 4156 643 4243 attent0,
701 4149 1076 4247 deputabit
1128 4151 1309 4226 duos
1362 4150 1740 4226 Praelatos
1796 4174 1924 4225 seu
1981 4148 2392 4225 Canonicos
2431 4151 2522 4226 de
2557 4151 2793 4226 medio
2851 4153 2964 4228 sui
3014 4151 3108 4228 ad

212 4269 639 4346 audiendum
712 4272 1010 4347 iniurias
1064 4274 1281 4367 tales,
1340 4280 1410 4346 et
1464 4272 1759 4348 easdem
1815 4272 1955 4347 sibi
2009 4272 2284 4350 eisdem
2360 4273 2720 4371 deputatis
2790 4276 3106 4350 referen-

212 4389 399 4482 dum,
458 4393 639 4466 citra
694 4395 1023 4490 quamvis
1076 4397 1797 4492 procrastinationem
1853 4395 2190 4470 decidere
2245 4396 2696 4470 tenebuntur.

1415 4706 1895 4808 CLXXVI.

213 4915 466 5000 flodus
532 4916 867 5000 solvendi
933 4935 1218 4999 census
1285 4938 1377 5000 ex
1431 4915 1988 5017 praestimoniis
2047 4937 2097 4999 a
2148 4916 2362 5000 festo
2416 4917 2493 4999 S.
2552 4917 2842 5000 Martini
2908 4873 3102 5002 corn-

653 5038 977 5139 putandi.
1034 5038 1241 5121 Anno
1298 5038 1509 5121 1600.
1569 5041 1694 5122 Dio
1748 5040 2064 5123 Veneris
2122 5040 2202 5122 18
2261 5041 2659 5122 Februarii.

415 5231 735 5307 Praelati
788 5240 859 5308 et
913 5231 1263 5309 Canonici
1334 5233 1855 5309 consultatione
1926 5233 2353 5330 praehabita
2405 5233 2495 5308 de
2551 5230 2830 5308 Statuto
2903 5234 3099 5331 capi—

213 5353 419 5428 tulari
458 5376 549 5428 ex
586 5361 791 5454 parte
832 5356 1161 5431 solvendi
1200 5379 1539 5431 censuum
1578 5356 1876 5449 sancite,
1933 5355 2362 5445 elucidando
2397 5356 2535 5429 hoc
2571 5355 2807 5451 ipsum
2863 5351 3098 5430 Statu-

2738 5473 2824 5538 20
