4055 6364
1383 1080 1894 1182 LXXXIX.

195 1284 476 1369 contra
513 1288 903 1390 promotos
942 1286 1037 1369 ad
1079 1288 1604 1389 episcopatum·
1655 1269 2067 1371 statutum.
2118 1284 2325 1399 Anno
2383 1268 2673 1373 Domini
2708 1266 3089 1375 millesimo

559 1405 1162 1510 ssuinnentesimo
1222 1407 1840 1512 auinquaqeeimo
1897 1412 2155 1510 tertio,
2213 1407 2328 1494 die
2386 1394 2485 1494 ΙΒ
2520 1390 2711 1495 nan.

399 1618 582 1693 Cum
657 1621 838 1695 satis
916 1621 1036 1696 diu
1109 1646 1196 1695 ac
1251 1628 1528 1697 matura
1601 1620 2121 1696 deliberatione
2190 1630 2625 1697 mactassent
2676 1648 2763 1698 ac
2818 1622 3089 1700 delibe-

194 1750 469 1817 rassent
537 1743 724 1819 inter
777 1769 859 1820 sc
922 1743 1334 1818 Reverendi
1381 1724 1738 1839 Domini,
1817 1767 1960 1840 quo
2015 1745 2297 1819 scilicet
2365 1753 2581 1842 pacto
2655 1746 3089 1823 obviandum·

194 1874 374 1937 esset
429 1865 520 1937 iis
576 1866 947 1960 Dominis,
1023 1868 1144 1962 qui
1198 1890 1288 1940 ex
1341 1866 1481 1940 hoc
1535 1867 1957 1941 Venerabili
2013 1863 2384 1962 Collegio‘,
2461 1868 2628 1943 Dus
2680 1869 3093 1945 faventibus

198 1996 258 2059 et
302 1987 542 2081 gratia
597 1990 812 2063 etiam
867 1986 1137 2062 Sacrae
1191 1988 1468 2081 Regiae
1541 1990 1946 2065 Maiestatis
2021 1991 2315 2063 Domini
2385 1991 2612 2064 nostri
2686 1992 3091 2066 clementis·-

195 2109 362 2203 simi,
421 2110 512 2183 ad
570 2110 962 2205 dignitates
1016 2110 1502 2207 Episcopales
1555 2122 2098 2209 prbm'oventur',
2154 2113 2233 2185 ut
2285 2113 2485 2187 iuxta
2538 2110 2896 2187 &tamtum
2949 2114 3090 2187 Ee-

195 2231 455 2305 clesiae
503 2241 576 2306 et
610 2234 754 2307 loci
805 2234 1018 2307 huius
1077 2234 1621 2331 dispositionem
1663 2244 1735 2309 et
1773 2246 2084 2311 veterem
2144 2236 2755 2329 consuetudinem,
2812 2236 3093 2310 Domos

195 2354 619 2450 capitulares
674 2362 746 2429 et
796 2355 1038 2430 Villas
1092 2358 1754 2453 praestimoniales,
1830 2381 2014 2454 quae
2067 2358 2339 2453 alioqui
2414 2358 2699 2432 nonnisi
2754 2358 3093 2431 Dominis

196 2475 376 2549 circa
431 2476 840 2551 Ecclesiam
895 2480 1424 2574 praesentibus,
1483 2481 1904 2578 pondusque
1961 2481 2107 2553 diei
2161 2488 2231 2554 et
2279 2488 2524 2554 aestus
2560 2480 2631 2552 in
2670 2480 2885 2553 vinea
2936 2479 3091 2553 Do-

193 2597 350 2671 mini
427 2599 948 2673 sustinentibus
1022 2600 1366 2703 duntaxat
1435 2611 1668 2677 tamen
1743 2602 2116 2695 debentur,
2196 2624 2337 2675 non
2412 2609 2885 2697 occuparent,
2960 2600 3091 2675 sed

193 2740 307 2792 eas
357 2744 404 2793 a
459 2722 691 2817 prima
762 2722 875 2795 sui
946 2721 1040 2794 ad
1111 2722 1632 2820 Episcopatum
1710 2725 2233 2817 nominatione,
2297 2724 2370 2797 in
2448 2741 2699 2798 manus
2770 2721 3091 2817 Veneta-2

192 2840 350 2916 bilis
403 2840 746 2941 Capituli,
805 2842 994 2920 unde
1045 2845 1217 2919 illas
1269 2846 1698 2939 habuerunt,
1752 2848 2122 2939 resignare
2180 2853 2253 2920 et
2289 2844 2643 2919 dimittere
2678 2852 3089 2939 teneantur3

193 2960 281 3035 Et
311 2968 738 3061 praesertim
785 2991 943 3041 cum
994 2968 1180 3041 tales
1228 2969 1552 3065 plerique
1599 2969 1690 3043 ad
1729 2968 2219 3066 Episcopatus
2256 2968 2585 3066 promoti,
2636 2990 2867 3063 neque
2904 2966 3091 3041 iure·
3164 2950 3167 2955 ’

193 3084 508 3184 iurando,
567 3088 759 3185 quod
815 3090 891 3163 in
944 3092 1360 3188 receptione
1417 3092 1947 3188 praestiterunt,
2006 3114 2240 3188 neque
2295 3091 2757 3165 conscientia
2791 3098 2914 3164 aut
2948 3090 3093 3163 alio

193 3209 425 3306 aliquo
479 3214 643 3288 zelo
699 3215 888 3288 bono
945 3238 1116 3308 erga
1175 3215 1476 3289 Fratres
1526 3217 1911 3290 inferiores
1963 3215 2347 3288 Ecclesiae
2404 3213 2898 3288 deservientes
2942 3234 3091 3286 mo*

195 3334 380 3424 veri,
445 3358 532 3408 ac
587 3338 681 3410 ab
737 3338 1208 3435 occupa-tione
1282 3337 1669 3411 eorundem
1743 3345 1993 3411 contra
2064 3338 2179 3412 fas
2233 3344 2305 3410 et
2357 3353 2660 3433 aequum
2737 3335 3091 3410 desistere

195 3455 422 3530 solent
471 3481 706 3555 neque
757 3460 1040 3552 volunt,
1097 3460 1286 3534 unde
1343 3460 1608 3534 talibus
1663 3459 1850 3533 viam
1906 3458 2378 3557 praecludere
2432 3456 2799 3550 volenteS,
2854 3456 3091 3530 Reve-

191 3579 388 3652 rendi
440 3581 740 3656 Domini
792 3581 1266 3657 decreverunt
1334 3582 1790 3656 unanimibus
1855 3580 2263 3676 suffragiis:
2338 3579 2529 3676 quod
2583 3604 2628 3653 a
2680 3579 2913 3678 prima.
2964 3600 3091 3653 no·

193 3700 569 3778 minatione
625 3705 930 3780 alicuius
1011 3704 1475 3779 Domiuorum
1531 3703 1623 3778 ad
1677 3703 2199 3801 Episcopatum
2256 3703 2613 3798 aliquem,
2686 3703 2967 3776 Domus
3022 3709 3094 3775 et

191 3820 422 3918 Villa,
483 3827 547 3900 si
601 3834 978 3925 utrumque
1033 3835 1156 3902 aut
1210 3827 1398 3924 quod
1456 3849 1698 3901 eorum
1754 3826 1924 3899 talis
1995 3833 2367 3922 promotus
2438 3832 2743 3922 protunc
2815 3823 3090 3898 obtine-

191 3942 346 4041 bat,
422 3947 585 4045 ipso
638 3950 831 4023 facto
901 3973 1167 4024 vacare
1242 3949 1516 4022 censeri
1594 3947 1858 4022 debent
1913 3955 1983 4021 et
2038 3955 2297 4022 vacent
2347 3947 2422 4021 iu
2478 3948 2778 4040 effectu,
2854 3945 3091 4042 sitque

191 4065 324 4140 iam
379 4079 642 4144 extunc
679 4072 848 4146 aliis
903 4072 1240 4146 Dominis
1279 4094 1368 4143 ex
1407 4069 1660 4144 ordine
1711 4071 1912 4145 iuxta
1946 4072 2399 4145 vocationem
2442 4091 2686 4144 eorum
2722 4069 2838 4144 ius
2873 4090 3091 4165 quae-

193 4191 399 4265 situm
455 4193 545 4266 ad
602 4195 710 4268 sic
763 4203 1138 4269 vacantem
1195 4195 1507 4268 Domum
1567 4199 1639 4267 et
1690 4191 1963 4268 Villam
2017 4200 2142 4266 aut
2196 4191 2488 4288 aliquod
2544 4213 2635 4265 ex
2686 4190 2910 4289 ipsis,
2966 4213 3091 4264 ne-

191 4335 324 4408 que
373 4316 764 4411 quidquam
823 4317 1112 4390 obstare
1166 4315 1480 4409 debebit,
1539 4317 1706 4411 quin
1764 4338 1929 4389 mox
1983 4316 2318 4411 sequenti
2356 4314 2473 4388 die
2510 4313 3095 4412 capitulari-‘post

191 4436 744 4532 publicationem
815 4438 1322 4512 nominationis
1395 4436 1763 4534 proxima,
1838 4438 2093 4512 literae
2167 4436 2530 4512 citationis
2598 4435 2967 4530 generalis
3017 4435 3093 4508 in

193 4559 323 4632 iim
381 4560 660 4654 cridae,
719 4568 970 4634 contra
1023 4584 1154 4634 sna
1208 4561 1563 4634 interesse
1614 4567 1973 4657 putantes,
2033 4559 2127 4633 ad
2183 4559 2753 4634 distribuendum
2808 4558 2917 4634 sic
2968 4581 3114 4656 var,

191 4689 468 4754 cantem
529 4683 842 4756 Domum
897 4690 1020 4757 aut
1071 4681 1354 4756 Villam·
1419 4681 1901 4755 decernantur
1955 4689 2026 4754 et
2078 4681 2557 4777 publicentur.
2649 4682 2737 4754 In
2794 4701 3092 4777 quarum

191 4805 491 4878 termino
567 4804 930 4901 optionem
1015 4805 1359 4901 primum,
1456 4802 1715 4877 deinde
1802 4803 1922 4876 ad'
1983 4804 2597 4898 distributionem,
2682 4826 2816 4901 pro
2896 4809 3093 4876 more

191 4937 502 5025 receptO,
553 4927 850 5025 procedi
905 4925 1214 5000 debebit.
1293 4924 1504 5014 Quod
1563 4926 1628 4998 si
1679 4926 1846 4998 talis
1900 4925 2331 5001 Nominatus
2383 4927 2799 5024 praedictae
2852 4926 3091 5000 distri·-

191 5047 462 5124 butioni
531 5055 605 5122 ct‘
676 5047 1074 5144 provisioni
1127 5049 1201 5120 in
1257 5047 1499 5142 aliquo
1571 5047 2073 5120 contravenire
2143 5049 2491 5142 voluerit,
2571 5056 2844 5123 extunc·
2905 5047 3093 5120 ultra

192 5173 642 5246 censurarum
717 5169 1397 5244 Ecclesiasticarum
1478 5191 1564 5242 ac
1620 5169 2073 5243 detestabilis
2137 5170 2433 5266 periurii
2488 5182 2803 5268 poenas,
2878 5166 3093 5242 etiam

195 5295 526 5366 muletam
580 5293 904 5366 Duorum
959 5291 1265 5367 Millium
1323 5293 1764 5365 Dubatorum
1805 5290 2229 5387 Aureorum,
2290 5311 2588 5388 qnorum
2636 5275 3089 5365 medietatem

193 5411 544 5490 Gamerae
593 5414 1061 5510 Apostolicae
1116 5423 1188 5487 et
1239 5413 1462 5486 Fisco
1493 5413 1751 5507 illius,
1823 5413 2037 5485 aliam
2096 5437 2269 5487 vero
2324 5406 2775 5488 medietatem
2832 5401 3089 5486 Ecate-
