4055 6364
1432 765 1902 844 -283—

214 991 443 1076 pluries
508 991 833 1074 contingat
892 989 1037 1055 illos
1083 990 1422 1070 introduci,
1493 990 1684 1056 modo
1726 1009 1841 1074 per
1884 990 2372 1073 resignationem
2437 991 2540 1058 vel
2585 991 2995 1073 privationem
3043 991 3122 1056 de

216 1113 470 1161 nurnero
536 1092 991 1177 Capitularium
1041 1111 1165 1158 nou
1212 1093 1494 1172 exierint,
1565 1097 1812 1160 servata
1876 1095 2074 1178 quota
2139 1097 2205 1159 in
2241 1097 2505 1178 utroque
2560 1113 2710 1160 casu
2747 1094 3013 1160 Vicariis
3059 1095 3122 1160 et

216 1199 469 1266 Notario
518 1197 847 1282 capitulari
893 1198 1267 1264 exsolvenda
1310 1199 1482 1264 iuxta
1529 1198 2003 1281 dispositionem
2049 1198 2576 1281 antiquissimam.

382 1405 779 1472 Eiusdem
858 1404 1426 1472 Illustrisimi
1501 1405 1984 1474 Grothonis
2075 1408 2162 1473 de
2223 1407 2528 1473 habitu
2611 1407 2684 1472 et
2750 1410 3121 1473 tonsura

216 1509 829 1576 Praelatorum
894 1509 965 1576 et
1028 1506 1658 1578 Canonicorum
1732 1509 1989 1590 (Statut.
2042 1511 2149 1595 V),
2214 1509 2556 1577 fulminans
2617 1509 2683 1576 in
2729 1505 3118 1577 canonicum

216 1614 917 1680 excommunicationem
965 1615 1102 1698 ipso
1148 1613 1313 1680 facto
1356 1615 1817 1695 incurrendam,
1869 1615 1925 1680 si
1961 1611 2684 1698 nonsuperpelliceatus
2731 1615 2842 1680 aut
2886 1631 3120 1696 cappa-
3251 1693 3266 1708 .

214 1719 313 1782 tus
358 1716 753 1802 ingrediatur
796 1716 1146 1796 ecclesiam,
1198 1718 1347 1782 dum
1394 1717 1458 1783 in
1504 1739 1577 1784 ea
1624 1719 1962 1785 Missarum
2012 1718 2319 1785 solemnia
2365 1719 2429 1783 et
2473 1718 2596 1783 alia
2641 1717 2850 1784 divina
2897 1715 3122 1784 Officia

212 1821 638 1900 celebrantur;
713 1821 961 1887 videtur
1021 1821 1505 1906 intelligendum
1566 1821 1740 1907 loqui
1807 1842 1932 1888 non
1979 1823 2057 1889 de
2104 1840 2476 1906 quocunque
2520 1820 2812 1906 ingressu
2873 1821 3120 1905 phisico

208 1927 274 1990 in
318 1925 677 2002 ecclesiam,
730 1925 841 1991 sed
889 1926 967 1992 de
1010 1925 1301 2008 ingressu
1349 1927 1610 2014 morali:
1676 1927 1971 1992 nimirum
2018 1926 2073 1992 si
2121 1924 2485 1991 sedentibus
2529 1926 2812 2009 tempore
2856 1921 3118 1991 Divino·

208 2048 349 2096 rum
400 2031 466 2097 in
514 2029 718 2096 stallis
765 2031 875 2096 aut
935 2029 999 2094 in
1048 2027 1340 2114 Capitulo
1406 2047 1548 2096 cum
1592 2030 1918 2097 Fratribus
1984 2030 2280 2095 canonice
2341 2029 2616 2110 vestitis,
2680 2029 2816 2114 ipse
2884 2029 3121 2096 eisdem

210 2153 333 2200 non
382 2133 743 2200 rochetatus
789 2134 898 2198 aut
942 2134 1246 2216 cappatus
1294 2134 1573 2200 assidere
1618 2133 2007 2217 praetendat,
2079 2133 2248 2218 quod
2293 2131 2454 2198 forte
2497 2133 2648 2197 tunc
2694 2131 2977 2198 nonnulli
3021 2131 3118 2198 fa-

209 2237 484 2317 ciebant,
556 2233 930 2303 aemulando
998 2239 1325 2304 Praelatos
1392 2239 1456 2303 et
1522 2235 1873 2304 canonicos
1918 2236 2120 2304 Aulae
2180 2237 2379 2324 regali
2443 2237 2817 2322 adscriptos,
2891 2235 3119 2322 quibus

206 2340 326 2406 hac
378 2342 445 2407 in
492 2361 559 2408 re
605 2340 893 2424 indulget
938 2342 1059 2407 hoc
1103 2341 1274 2406 idem
1322 2339 1667 2408 Statutum.
1738 2342 1836 2408 Ad
1883 2361 2182 2426 praesens
2228 2342 2439 2407 autem
2487 2338 2882 2424 Capitulares
2929 2339 3121 2407 etiam

208 2443 543 2512 visitantes
608 2443 960 2512 devotionis
1004 2462 1193 2510 causa
1239 2445 1590 2524 ecclesiam,
1656 2464 1919 2533 semper·
1948 2444 2257 2513 rochetati
2303 2463 2664 2530 comparere
2735 2444 3116 2536 obligantur,

206 2549 329 2615 sub
380 2549 723 2632 privatione
770 2547 1177 2615 refectionum
1226 2549 1397 2614 illius
1446 2548 1590 2616 diei.

418 2739 1039 2805 Illustrissimi
1096 2737 1572 2807 Grothonis
1617 2740 1704 2806 de
1750 2739 2312 2806 celebrandis
2359 2739 2455 2807 ad
2499 2739 2776 2806 maius
2824 2738 3121 2822 Altero

204 2845 579 2929 quinque
638 2844 1369 2929 septimanalibus
1422 2842 1727 2911 Missis
1796 2843 2229 2929 (Statut.V1),
2270 2845 2380 2911 ubi
2423 2845 2750 2929 negligens
2787 2862 2894 2910 eas
2937 2843 3108 2910 cele-

206 2947 399 3014 brare
446 2945 803 3014 Canonicus
850 2948 1207 3014 decernitur
1247 2948 1601 3032 puniendus
1646 2967 1771 3014 una
1820 2966 2050 3028 marca,
2121 2967 2310 3032 quam
2358 2948 2481 3014 nisi
2523 2947 2690 3014 intra
2738 2947 2895 3014 duos
2942 2967 3120 3013 men-

203 3070 313 3117 ses
365 3051 644 3132 solverit,
685 3051 823 3136 ipso
859 3051 1024 3116 facto
1065 3051 1634 3118 excommunicatus
1681 3052 2053 3118 declaratur.
2102 3050 2229 3119 Sed
2273 3053 2374 3119 hic
2415 3053 2587 3138 rigor
2623 3055 3119 3118 excommunica-

200 3154 407 3221 tionis
480 3155 811 3240 posteriori
875 3153 1125 3222 Statuto
1192 3153 1354 3240 (CX)
1421 3157 1843 3222 commutatus
1906 3157 2007 3223 est
2070 3156 2134 3221 in
2192 3158 2410 3224 decem
2465 3174 2728 3224 marcas.
2805 3155 3114 3242 Hancque

203 3259 769 3328 commutationem
816 3259 1295 3327 Illustrissimus
1341 3258 1672 3326 Krasinski
1719 3280 1877 3327 novo
1918 3260 2169 3329 Statuto
2208 3280 2322 3327 suo
2369 3261 2686 3345 (CXXVI)
2735 3262 3118 3345 approbans,

202 3364 516 3450 disponit,
561 3364 832 3448 qualiter
858 3365 1175 3449 praefatae
1201 3383 1445 3430 marcae
1483 3366 1758 3430 converti
1788 3366 2087 3431 debeant:
2127 3364 2420 3432 nimirum
2452 3364 2773 3433 Canonico
2802 3366 3121 3454 supplenti

202 3469 665 3556 negligentiam
710 3466 1057 3534 confratris
1102 3470 1224 3551 sui,
1274 3469 1547 3553 quinque
1594 3488 1808 3535 earum
1854 3471 2158 3555 assignat,
2215 3473 2280 3537 et
2324 3470 2598 3555 quinque
2644 3471 2948 3537 adscribit
2993 3466 3112 3535 Sa-

200 3572 466 3639 cristiae
510 3592 623 3655 pro
666 3571 1104 3639 luminaribus.
1156 3570 1316 3638 Cum
1364 3577 1574 3638 autem
1636 3591 1932 3640 successu
1980 3574 2302 3658 temporis,
2355 3574 2535 3640 Anno
2584 3574 2879 3641 videlicet
2929 3572 3116 3655 1579,

202 3676 583 3763 Capitulum
644 3676 943 3742 charitate
1018 3696 1160 3742 cum
1206 3675 1642 3744 Confratribus
1710 3681 1956 3743 certans
2020 3678 2443 3744 restrinxisset
2500 3678 2853 3763 praedictas
2902 3678 3119 3745 decem

198 3798 459 3848 marcas
507 3780 586 3846 ad
634 3780 925 3865 quinque,
975 3780 1200 3859 effecit,
1269 3784 1341 3846 ut
1384 3782 1699 3849 diminuta.
1740 3780 1995 3865 mulcta,
2056 3782 2296 3848 auxerit
2342 3782 2608 3848 maiores
2655 3800 2845 3867 quam
2892 3782 2956 3848 in
3001 3800 3114 3847 an-

196 3888 527 3952 tecessum
574 3884 754 3950 erant
811 3884 1249 3971 negligentias,
1328 3883 1554 3968 quibus
1617 3886 1873 3950 tandem
1944 3885 2192 3951 obviare
2235 3886 2452 3951 volens
2517 3885 2684 3951 idem
2729 3882 3116 3968 Capitulum,

196 3990 517 4076 abrogato
563 3988 843 4071 praefato
900 3986 1149 4054 Statuto
1203 3988 1277 4054 de
1325 3990 1597 4072 quinque
1645 3991 1871 4055 marcis
1920 3988 2266 4074 (CXXXI),
2352 4006 2580 4055 novum
2641 3989 2846 4055 sanxit
2893 3986 3114 4054 Statu-

198 4096 352 4161 tum
392 4090 671 4177 (CCIV),
723 4112 843 4177 quo
881 4092 1394 4159 irremissibiliter
1440 4091 1826 4158 Canonicum
1881 4094 2301 4178 negligentem
2363 4090 2636 4177 quinque
2691 4092 2924 4158 Missas
2969 4110 3121 4158 suae

198 4199 604 4283 septimanae
649 4196 983 4277 celebrare,
1036 4197 1409 4262 condemnat
1453 4196 1533 4263 ad
1569 4196 1936 4282 quindecem
1973 4215 2236 4263 marcas.
2291 4194 2408 4263 Cui
2445 4216 2606 4265 novo
2647 4194 2897 4262 Statuto
2933 4214 3120 4281 prae-

196 4321 363 4369 sens
409 4301 699 4385 generale
746 4296 1109 4383 Capitulum
1174 4300 1514 4366 subscribit
1558 4302 1621 4365 et
1664 4300 1933 4381 ordinat,
1981 4301 2055 4366 ut
2101 4301 2178 4366 de
2223 4300 2558 4383 praedictis
2630 4300 3120 4385 quinquedecem

194 4406 467 4481 marcis,
519 4404 791 4488 quinque
837 4404 1064 4470 cedant
1110 4403 1425 4469 Oanonico
1476 4405 1792 4487 supplanti
1838 4404 2009 4471 iuxta
2055 4406 2308 4471 turnum
2357 4404 2613 4488 (Statut.
2661 4404 2956 4489 CXXVI)
3005 4405 3118 4471 de·

194 4510 529 4593 scriptum
574 4506 1023 4593 negligentiam
1073 4505 1445 4590 Confratris,
1497 4508 1769 4592 quinque
1816 4527 1925 4593 pro
1967 4507 2382 4575 luminaribus
2439 4506 2796 4589 Sacrisb'ae,
2848 4510 3121 4595 quinque

194 4632 327 4699 pro
375 4628 591 4679 massa
636 4612 987 4697 capitulari.

426 4818 790 4886 Eiusdem
854 4819 1417 4886 Illustrissimi
1484 4817 1921 4886 Grothonis
2002 4818 2395 4901 ordinans,
2486 4820 2548 4886 si
2627 4820 2935 4905 quando
2999 4840 3118 4888 ne·

194 4922 564 4993 cessitas
609 4924 1173 5007 postulaverit,
1232 4943 1469 5007 posse
1518 4923 1761 4988 indici
1810 4924 2168 5006 quartum
2216 4924 2336 4991 vel
2382 4924 2742 5009 quintum
2803 4922 3122 5010 Capitu-

191 5032 370 5099 lum
415 5027 823 5114 generale,
874 5028 1087 5094 ultra
1132 5026 1516 5094 ordinaria
1559 5026 1735 5107 tria,
1786 5026 2080 5093 videlicet
2119 5026 2577 5095 Purificationis
2610 5028 2847 5095 Beatae
2882 5026 3122 5099 Mariae

192 5132 499 5217 Virginis
544 5131 611 5197 in
654 5130 1014 5215 Februario,
1064 5130 1280 5197 Sancti
1328 5130 1630 5197 Stanislai
1665 5130 1731 5195 in
1767 5130 1957 5210 Maio,
2000 5132 2066 5197 et
2101 5128 2319 5197 Sancti
2354 5130 2684 5199 Michaelis
2722 5134 2787 5198 in
2825 5130 3119 5216 Septem-

193 5241 307 5307 bri
362 5236 627 5321 (Statut.
676 5236 843 5319 vll).
892 5236 985 5302 De
1032 5236 1149 5302 boc
1196 5255 1320 5301 non
1366 5237 1463 5301 est
1508 5234 1945 5317 dubitandum,
1996 5236 2164 5319 quod
2209 5234 2410 5319 fieret,
2479 5238 2728 5320 quoties
2774 5235 3120 5305 necessitas

190 5340 651 5431 postulaverit.
