4055 6364
2139 782 2242 793 ——
2349 736 2710 815 254—

1180 958 1362 1034 Cum
1416 966 1655 1035 autem
1720 960 2100 1057 unicuique
2175 962 2582 1037 mandatum
2639 963 2734 1037 sit
2787 960 2878 1035 de
2932 960 3258 1057 proximo
3313 985 3445 1037 suo
3499 972 3578 1037 et
3639 964 3880 1039 dome-

972 1082 1313 1157 sticorum
1384 1080 1761 1179 potissima
1814 1106 1987 1167 cura,
2043 1082 2137 1159 sit
2187 1084 2561 1159 habenda:
2633 1083 3024 1177 hortamur,
3079 1091 3159 1157 ut
3210 1081 3658 1159 Familiares
3715 1108 3882 1159 suos

970 1201 1462 1298 unusquisque
1512 1203 1821 1278 instruat
1872 1211 1945 1278 et
1997 1203 2298 1297 erudiat,
2357 1230 2446 1281 ne
2501 1206 2645 1281 sint
2679 1202 2929 1297 rixosi,
2986 1204 3284 1300 ebriosi,
3336 1205 3722 1304 impudici,
3765 1229 3882 1281 cu·

969 1322 1145 1421 piffi,
1203 1323 1395 1417 elati,
1451 1323 1855 1421 blasphemi
1908 1333 1981 1400 et
2034 1326 2427 1425 voluptatis
2481 1334 2861 1417 amatores,
2916 1326 3094 1400 vitia
3144 1326 3427 1421 fugiant
3461 1335 3534 1401 et
3567 1327 3886 1403 virtutes

970 1446 1514 1542 amplectantur,
1569 1446 1645 1519 in
1697 1444 1998 1541 vestitu',
2057 1448 2252 1523 cultu
2315 1456 2387 1522 et
2441 1448 2770 1523 omnibus
2821 1448 3106 1522 actibus
3157 1448 3606 1523 honestatem
3667 1472 3882 1546 prae·

971 1567 1311 1659 sesai-ant,
1370 1567 1551 1642 sicut
1605 1566 1813 1642 decet
1866 1568 2232 1644 ministros
2287 1570 2772 1645 ministrorum
2826 1570 2992 1643 Dei.
3049 1570 3450 1667 Praecipue
3484 1593 3672 1645 vero
3709 1592 3884 1667 pro-

970 1686 1299 1781 videant,
1374 1710 1462 1761 ne
1516 1689 1721 1785 pueri
1771 1690 1845 1762 in
1900 1688 2239 1764 Ecclesia
2310 1690 2736 1766 insolentias
2806 1690 3097 1765 faciant.
3173 1689 3390 1781 Quod
3443 1692 3508 1765 si
3563 1692 3698 1788 qui
3757 1714 3886 1765 eas

971 1809 1236 1885 fecisse
1290 1808 1721 1907 deprehensi
1776 1810 2074 1903 fuerint,
2149 1811 2387 1884 statim
2444 1811 2874 1908 disciplinae
2928 1811 3418 1886 subiiciantur.

1179 1930 1266 2005 In
1322 1932 1526 2007 cuius
1577 1931 1685 2005 rei
1736 1930 1974 2025 fidem,
2033 1932 2536 2029 praesentibus
2588 1955 2802 2007 manu
2855 1940 3105 2006 nostra
3159 1932 3608 2029 subscriptis,
3669 1932 3881 2029 sigil-

968 2054 1117 2127 lum
1171 2060 1491 2127 nostrum
1544 2052 1992 2150 subimprimi
2060 2054 2421 2127 iussimus.
2497 2050 2755 2127 Actum
2813 2061 2885 2127 ct
2937 2052 3181 2127 datum
3232 2051 3632 2128 Cracoviae
3650 2113 3672 2146 ,
3765 2053 3881 2127 die

972 2174 1556 2270 quatuordecima
1626 2174 1900 2249 mensis
1950 2174 2178 2267 Iunii,
2263 2174 2474 2248 Anno
2529 2174 2826 2247 Domini
2881 2173 3272 2247 Millesimo
3324 2170 3876 2249 Sexcenteeimo

972 2295 1311 2369 secundo.

2525 2416 2938 2491 Bernardus
2991 2415 3494 2490 Macieiowski

2526 2536 2941 2636 Episcopus
2993 2534 3521 2612 Oracoviensis.
