4055 6364
1400 804 1956 881 *148-

220 1010 441 1085 toties
494 1012 759 1125 factam
814 1015 1393 1109 prorogationem
1450 1014 1879 1111 procedetur
1932 1021 2184 1088 contra
2238 1037 2368 1088 eos
2403 1012 2497 1087 ad
2539 1035 2810 1110 poenas
2847 1014 2920 1103 in
2960 1010 3124 1086 Sta·

220 1136 401 1205 tutis
472 1132 897 1231 descriptas.
972 1134 1229 1209 Itidem
1286 1144 1356 1209 et
1412 1138 1502 1211 de
1556 1134 2156 1219 Procuratorihus
2226 1138 2318 1211 ab
2387 1137 2716 1211 omnibus
2793 1134 3127 1208 Dominis

218 1254 301 1326 in
340 1264 667 1331 eventum
722 1256 1095 1332 absentiae
1151 1258 1345 1332 circa
1398 1258 1587 1333 hanc
1639 1256 2049 1333 Ecclesiam
2105 1258 2359 1332 haberi
2403 1258 2661 1351 solitis,
2716 1256 3130 1331 Reverendi

220 1376 525 1453 Domini
574 1380 887 1474 intellig-i
940 1380 1347 1473 voluerunt,
1423 1379 1685 1456 dictum
1747 1378 1823 1453 S.
1878 1380 2264 1455 Michaelis
2319 1388 2638 1478 tempus,
2694 1380 2884 1453 infra
2936 1376 3124 1475 quod

218 1506 309 1573 ut
360 1502 647 1576 omnino
697 1502 867 1577 illos
922 1503 1377 1597 constituant,
1435 1504 1897 1598 assignantes
1948 1512 2021 1577 et
2075 1503 2580 1601 praefigentes.

1484 1814 1867 1915 CLVIII.

222 2016 709 2101 conditiones
766 2019 833 2099 in
887 1952 1086 2102 runs
1154 2020 1607 2223 assiquat'aze
1650 2040 1819 2223 'am-'fl
1869 2018 2391 2103 immutandae.
2459 2022 2666 2104 Anno
2725 2020 2938 2105 1590.
2999 2021 3128 2101 Die

1723 2162 1839 2225 an.

436 2350 796 2442 Quoniam
852 2351 946 2427 ad
998 2352 1139 2428 hoc
1209 2375 1439 2450 usque
1510 2362 1793 2451 tempus
1853 2350 2517 2452 redemptionibus,
2571 2353 3126 2446 mutationibus,

220 2472 776 2549 dimissionibus
842 2474 1325 2550 conditionum
1385 2476 1579 2550 circa
1634 2498 1877 2552 eornm
1940 2476 2428 2573 provisionem
2489 2476 2764 2573 imponi
2816 2483 2890 2549 et
2940 2476 3126 2550 assi·

219 2597 443 2689 gnari
496 2597 907 2689 solitarum,
982 2597 1145 2672 loco
1200 2598 1719 2673 meliorationis
1772 2598 2105 2672 villarum
2164 2606 2236 2671 et
2289 2596 2658 2673 domorum
2715 2598 3125 2691 eorundem,

224 2717 693 2793 deterioratio
748 2721 989 2817 potius
1053 2718 1507 2816 sequebatur,
1564 2720 1906 2815 gravitati
1941 2728 2318 2816 praeterea
2369 2728 2444 2793 et
2495 2720 2942 2793 constantiae
2994 2719 3125 2793 hu-

216 2840 346 2914 ius
399 2839 867 2915 Venerabilis
920 2839 1235 2936 Collegii
1290 2842 1549 2915 exinde
1601 2865 1743 2916 non
1783 2866 2030 2939 parum
2059 2841 2441 2915 decedere
2495 2841 2904 2937 videbatui-3
2960 2865 3128 2941 pro-

212 2960 395 3035 inde
446 2960 859 3036 Reverendi
910 2963 1208 3037 Domini
1260 2963 1333 3036 in
1373 2963 1527 3037 ·hoc
1582 2961 1918 3060 Capitulo
1972 2963 2300 3058 generali
2355 2964 2810 3059 congregati,
2869 2964 3128 3061 partim

218 3082 562 3178 dignitati
612 3084 828 3159 huius
884 3083 1199 3180 Collegii
1252 3086 1404 3180 sui,
1479 3085 1737 3182 partim
1791 3084 2237 3161 indemnitati
2291 3084 2646 3167 Villarum
2703 3086 3126 3184 praestimo-

216 3206 523 3281 nialium
579 3217 651 3281 et
705 3209 1098 3283 Domorum
1155 3209 1681 3284 canonicalium
1736 3216 2009 3283 mature
2067 3210 2484 3306 prospicere
2538 3208 2898 3304 volentes,
2958 3231 3124 3282 con-

220 3327 569 3404 cordibus
624 3331 999 3405 sententiis
1055 3339 1453 3406 statuerunt
1506 3339 1865 3430 perpetuo·
1892 3339 1962 3406 et
1995 3331 2510 3407 inviolabiliter
2563 3330 3124 3406 observandum:

219 3474 317 3524 ne
372 3451 447 3524 in
501 3460 868 3548 posterum
940 3476 1249 3549 unquam
1324 3451 1806 3527 conditionum
1870 3453 1941 3526 in
1998 3451 2220 3526 Villis
2292 3451 2999 3548 praestimonialibus
3059 3459 3130 3526 et

220 3573 588 3647 Domibus
644 3575 1184 3649 canonicalibus
1248 3575 1577 3650 omnibus
1634 3581 1705 3648 et
1758 3574 2068 3669 singulis
2121 3573 2710 3648 Reverendorum
2781 3574 3125 3648 Domino-

220 3717 383 3768 rum
438 3695 633 3768 circa
688 3697 1175 3793 provisionem
1230 3697 1616 3771 earundem
1668 3697 2164 3794 impositarum
2218 3696 2750 3794 redemptiones
2799 3703 2922 3768 aut
2975 3719 3125 3771 mu-

218 3816 537 3892 tationes
612 3825 683 3892 et
754 3819 1213 3894 dimissiones
1269 3819 1527 3916 quovis
1598 3819 1924 3914 quaesito
1989 3819 2233 3892 colore
2289 3841 2420 3916 per
2471 3817 2910 3892 Venerabile
2985 3815 3126 3890 Ca-

222 3941 531 4038 pitulum
585 3939 1067 4034 admittantur,
1126 3941 1513 4038 quinimmo
1568 3940 2019 4016 conditiones
2073 3942 2298 4016 semel
2350 3941 2725 4038 impositae
2781 3940 2898 4012 vel
2939 3940 3123 4012 assi-

221 4071 548 4156 gnatae,
604 4087 737 4161 per
789 4087 1143 4160 quemque
1196 4065 1667 4138 Dominorum
1720 4064 1908 4138 infra
1960 4072 2242 4162 tempus
2295 4062 2812 4161 praescriptum
2875 4062 3126 4158 imple-

222 4192 437 4262 antur
492 4193 565 4259 et
614 4186 1094 4284 perficiantur,
1149 4185 1369 4282 idque
1422 4187 1558 4260 sub
1612 4186 1869 4282 poenis
1920 4187 1995 4260 in
2052 4183 2352 4260 Statutis
2407 4186 2782 4260 contentis.

1529 4497 1830 4597 CLIX.

227 4707 337 4788 ne
395 4705 752 4789 censibus
808 4705 1465 4806 reemptionalihus
1517 4704 1843 4908 ¹lgenmeaue
1915 4705 2381 4805 capitularis.
2450 4705 2658 4787 Anno
2716 4702 2932 4786 1590.
2998 4704 3128 4786 Die

1725 4846 1841 4908 au.

437 5041 557 5115 De
593 5039 933 5116 censibus
985 5038 1623 5137 reemptionalibus
1674 5038 1888 5114 huius
1942 5037 2323 5112 Ecclesiae
2371 5061 2501 5113 seu
2535 5039 2774 5135 potius
2825 5035 3128 5110 Mensae

228 5186 409 5240 suae
464 5163 883 5260 capitularis
953 5162 1364 5237 Reverendi
1434 5161 1729 5237 Domini
1781 5161 1853 5234 in
1908 5159 2259 5236 hodierno
2333 5183 2680 5237 consessu
2747 5157 3128 5256 capitulari

177 5319 183 5326 ·
228 5286 418 5360 inter
470 5307 553 5358 se
604 5293 850 5359 mutuo
922 5284 1449 5378 consultantes,
1526 5306 1740 5380 quum
1814 5281 2467 5358 animadverterent
2535 5305 2627 5358 ex
2681 5277 3127 5378 quorundam

226 5408 700 5484 Dominorum
759 5404 1277 5505 Capitularium
1332 5406 1544 5481 huius
1600 5404 1916 5502 Collegii
1967 5429 2102 5503 per
2144 5405 2465 5502 privatas
2520 5401 3128 5498 cointelligentias
