4055 6364
2152 983 2611 1092 LXXVII.

933 1217 1140 1298 Bulla
1201 1216 1676 1300 sanctissimi
1735 1219 1800 1300 in
1857 1217 2160 1301 clii-isto
2220 1218 2515 1317 Patris,
2592 1217 2865 1302 Domini
2919 1219 3272 1303 iohannis
3336 1220 3591 1324 Papae
3662 1221 3841 1319 xm,

933 1337 1026 1418 ile
1082 1357 1220 1422 non
1277 1339 1728 1440 recipiendis
1794 1339 2082 1440 plebeis
2146 1339 2247 1422 all
2314 1339 2823 1424 canonicatus
2888 1341 3285 1425 Ecclesiae
3352 1341 3843 1438 cathedralis

1011 1460 1560 1558 cracoviensis,
1618 1461 1758 1543 sed
1817 1461 2186 1544 Nobilibus
2242 1482 2336 1544 ex
2387 1463 2731 1564 utrisque
2788 1463 3233 1566 parentibus
3291 1463 3756 1564 procreatis.

1271 1581 1536 1664 Datum
1596 1581 1952 1665 Mantuae
2006 1583 2215 1667 Anno
2272 1585 2543 1666 Domini
2598 1583 2791 1666 1414.
2848 1583 2965 1667 ilie
3020 1585 3099 1667 ¹5
3153 1585 3495 1668 ianuarii.

1137 1810 1189 1886 J
1193 1812 1513 1886 ohannes
1567 1811 1984 1910 Episcopus
2054 1810 2327 1888 Servus
2390 1835 2766 1888 servorum·
2818 1815 2989 1888 Dei,
3076 1813 3194 1886 Ad
3248 1821 3677 1912 perpetuam
3726 1815 3843 1888 rei

932 1935 1364 2008 memoriam.
1425 1935 1522 2008 Et
1557 1935 1622 2008 si
1659 1933 1750 2008 de
1805 1936 2086 2010 cunctis
2141 1935 2339 2010 orbis
2397 1935 2776 2029 Ecclesiis,
2834 1953 3134 2032 quarum
3188 1956 3365 2010 cura
3410 1935 3633 2012 nobis
3660 1957 3837 2011 coc-

931 2056 1098 2129 lesti
1153 2055 1629 2152 dispositione
1686 2059 2073 2132 commissa
2101 2059 2283 2132 ·fore
2336 2057 2756 2148 dinoscitur,
2816 2067 2893 2135 ut
2946 2079 3075 2156 per
3126 2057 3351 2134 Viros
3402 2065 3615 2154 atque
3655 2057 3839 2134 Per·

934 2200 1156 2251 sonas
1228 2178 1573 2252 scientiae
1647 2179 1975 2254 claritate
2050 2188 2175 2254 aut
2242 2181 2537 2274 generis
2606 2181 2979 2256 nobilitate
3060 2173 3421 2277 pollentes
3488 2189 3841 2275 regantur

929 2300 1259 2390 feliciter,
1318 2308 1389 2373 et
1440 2302 1512 2373 in
1570 2301 2069 2398 spiritualibus
2120 2311 2193 2376 et
2247 2301 2763 2400 temporalibus
2831 2301 3205 2399 suscipere
3255 2302 3551 2376 valeant
3594 2303 3837 2377 incre-

931 2435 1190 2494 menta.
1285 2421 1442 2496 Nos
1496 2447 1588 2496 ex
1639 2423 2115 2522 Apostolicae
2170 2425 2537 2500 servitutis
2591 2425 2832 2500 officio
2888 2425 3211 2519 cogitare
3264 2425 3687 2511 conveniat,
3746 2447 3839 2498 ac
3930 2487 3939 2493 .

929 2540 1058 2616 illa
1115 2544 1503 2618 decernere
1555 2569 1686 2641 per
1741 2569 1926 2641 quae
1998 2547 2297 2620 effectus
2338 2547 2777 2622 -huiusmodi
2850 2557 3145 2620 auctore
3216 2546 3507 2620 domino
3576 2547 3835 2621 subse·

931 2675 1210 2760 quatur.
1295 2667 1411 2739 Dc
1467 2665 1674 2740 Statu
1725 2677 1960 2742 tamen
2021 2678 2094 2742 et
2144 2669 2606 2743 incrementis
2662 2669 3031 2744 Nobilium
3088 2667 3625 2744 cathedralium
3686 2665 3833 2742 Ec-

932 2788 1335 2879 clesiarum‚
1393 2797 1469 2864 ut
1503 2790 1962 2865 incrementis
2007 2790 2447 2864 multimodis
2500 2793 2905 2885 efferantur,
2963 2797 3161 2865 tanto
3197 2790 3511 2888 amplius
3564 2813 3835 2864 curam

933 2908 1322 3005 pastoralis
1395 2909 1816 3004 diligentiae
1887 2935 2026 2988 nos
2078 2912 2289 2986 decet
2359 2912 2785 3008 extendere,
2860 2921 3128 3008 quanto
3198 2909 3368 2987 illas
3438 2911 3837 2988 cordialius

930 3032 1306 3107 intuemur.
1397 3031 1594 3108 Hinc
1649 3042 1797 3128 est,
1873 3034 2066 3130 quod
2122 3057 2257 3109 nos
2310 3035 2870 3134 praemissorum
2940 3034 3229 3129 intuitu,
3286 3043 3361 3109 et
3412 3023 3835 3109 considera-

930 3153 1125 3228 tione
1179 3151 1558 3229 Cui-issimi
1595 3156 1668 3230 in
1707 3149 1998 3232 Christo
2045 3157 2176 3232 filii
2214 3156 2441 3231 nostri
2501 3152 2887 3233 Wladislai
2938 3151 3171 3253 Regis
3226 3151 3595 3253 Poloniae',
3652 3157 3835 3231 Inu-

933 3276 1104 3350 stris
1159 3279 1281 3371 qui
1335 3278 1547 3353 nobis
1601 3302 1821 3376 super
1871 3278 2011 3352 hoc
2064 3280 2239 3352 fecit
2290 3279 2652 3353 humiliter
2705 3280 3101 3375 supplicari
3151 3278 3608 3355 intendentes
3628 3328 3651 3373 5
3702 3302 3833 3353 no·

929 3406 1150 3472 stram
1187 3400 1412 3475 filiam
1449 3402 1964 3497 praedilectum
2005 3400 2565 3477 Cracoviensem
2604 3399 3112 3476 Cathedralem
3148 3400 3579 3491 Ecclesiam,
3640 3400 3835 3475 inter

831 3605 843 3615 δ
933 3531 1211 3595 ceteras
1281 3524 1354 3595 in
1409 3522 1669 3617 Regno
1743 3522 2093 3598 Poloniae
2166 3524 2558 3599 existentes
2580 3576 2603 3619 5
2673 3524 2861 3598 sicut
2932 3524 3147 3596 etiam
3220 3523 3529 3621 praefati
3600 3520 3835 3617 Regis

932 3646 1332 3718 assertione
1406 3645 1824 3735 didicimus,
1901 3648 2257 3721 celebrem
2332 3656 2403 3721 et
2470 3647 2827 3740 insignem
2902 3645 3412 3743 praerogativa
3482 3644 3833 3741 specialis

933 3764 1310 3859 Privilegii
1371 3768 1724 3862 insignire
1778 3793 1866 3843 ac
1921 3790 2371 3843 summovere
2444 3790 2913 3865 quaecunque
2984 3764 3501 3841 Scandalornm
3576 3766 3831 3840 discri-

935 3888 1142 3977 mina,
1201 3913 1385 3983 quae
1422 3892 1498 3965 in
1536 3893 1862 3988 partibus
1898 3898 1969 3965 et
2005 3891 2427 3989 praesertim
2464 3892 2539 3965 in
2578 3892 2905 3989 praefata
2942 3888 3281 3963 Ecclesia
3316 3906 3445 3981 ρει·
3478 3888 3867 3985 receptio--

931 4034 1094 4083 nem
1145 4006 1581 4105 Ignobilium
1637 4012 2116 4088 Personarum
2174 4012 2597 4109 Apostolica
2651 4014 2768 4088 vel
2806 4011 3171 4087 ordinaria
3224 4009 3673 4083 Auctoritatis
3728 4008 3829 4082 ad

933 4131 1421 4208 Canonicatus
1477 4143 1548 4209 et
1604 4135 2091 4227 Praebendas‚
2148 4136 2587 4229 Dignitates,
2646 4135 3125 4227 Personams·,
3185 4131 3453 4207 Officia
3504 4149 3639 4205 seu
3686 4128 3833 4205 Ad-

932 4254 1492 4331 ministrationes
1573 4257 1952 4332 Ecclesiae
2032 4257 2441 4332 huiusmodi
2520 4259 2872 4333 hactenus
2945 4263 3393 4353 receptarum
3475 4274 3829 4351 saepenu-

935 4399 1129 4451 mero
1184 4380 1672 4471 contigerunt,
1731 4389 1804 4454 et
1855 4400 1946 4454 ex
2001 4381 2216 4455 certis
2272 4380 2438 4455 aliis
2492 4382 2966 4455 rationalibus
3020 4380 3263 4454 causis
3328 4378 3647 4451 animum
3696 4396 3831 4450 no-

935 4506 1156 4570 strum
1213 4500 1304 4573 ad
1357 4500 1498 4573 hoc
1562 4504 2014 4576 moventibus
2066 4526 2155 4575 ac
2210 4504 2516 4599 praefati
2588 4503 2817 4596 Regis
2870 4502 2941 4576 in
2999 4503 3137 4575 hac
3189 4507 3400 4598 parte·
3464 4491 3831 4598 supplica-¹

933 4618 1248 4694 tionibus
1318 4622 1681 4715 inclinati,
1763 4626 2211 4699 Auctoritate
2284 4626 2709 4721 Apostolica
2782 4633 2854 4699 et
2906 4648 2997 4699 ex
3050 4631 3249 4697 certa
3319 4614 3623 4697 scientia
3690 4620 3831 4695 hac

932 4742 1300 4836 praesenti
1369 4740 1893 4819 Constitutione
1971 4748 2341 4843 perpetuis
2411 4747 2672 4822 futuris
2742 4746 3189 4843 temporibus
3258 4744 3643 4819 duraturas
3704 4742 3829 4819 de-

935 4864 1292 4939 cernimus
1346 4867 1796 4941 statuendum
1851 4891 1940 4944 ac
1991 4870 2207 4943 etiam
2264 4868 2759 4944 ordinandum.
2836 4868 3049 4958 Quod
3103 4866 3345 4943 nullus
3396 4865 3829 4965 Apostolica

933 5006 1062 5058 seu
1119 4982 1506 5061 Ordiuaria
1559 4996 1684 5063 aut
1731 4990 1880 5065 alia
1933 4992 2189 5087 quavis
2252 4992 2723 5085 auctoritate,
2798 5015 2928 5067 seu
2982 4991 3169 5064 alias
3221 4987 3827 5085 quommodocun-

932 5128 1094 5200 que,
1150 5130 1238 5181 ac
1291 5109 1876 5207 qualitercunque
1929 5114 2167 5211 possit
2215 5114 2353 5188 vel·
2389 5113 2649 5189 debeat
2702 5114 2793 5189 de
2844 5121 3083 5189 cetero
3134 5113 3211 5187 iu
3263 5112 3593 5210 praefata
3646 5108 3823 5185 Cra-

935 5229 1257 5305 coviensi
1311 5229 1648 5307 Ecclesia
1699 5234 1791 5307 ad
1849 5232 2357 5329 CanonicatuS,
2413 5235 2906 5330 Praebendas‚
2962 5235 3414 5330 Dignitates,
3466 5232 3825 5312 Persona-

931 5358 1072 5445 tus,
1127 5350 1431 5450 Officia,
1504 5363 1627 5433 aut
1677 5354 2361 5437 Administrationes
2414 5357 2735 5435 eiusdem
2804 5358 3187 5434 Ecclesiae
3238 5357 3469 5457 recipi
3522 5356 3642 5431 vel
3692 5354 3824 5431 ad-
