<?xml version="1.0" encoding="UTF-8"?>
<!DOCTYPE html PUBLIC "-//W3C//DTD XHTML 1.0 Transitional//EN"
    "http://www.w3.org/TR/xhtml1/DTD/xhtml1-transitional.dtd">
<html xmlns="http://www.w3.org/1999/xhtml" xml:lang="en" lang="en">
 <head>
  <title>
</title>
<meta http-equiv="Content-Type" content="text/html;charset=utf-8" />
  <meta name='ocr-system' content='tesseract 3.04.00' />
  <meta name='ocr-capabilities' content='ocr_page ocr_carea ocr_par ocr_line ocrx_word'/>
</head>
<body>
  <div class='ocr_page' id='page_1' title='image "./statutacapitula00nykogoog_0060.png"; bbox 0 0 4055 6364; ppageno 0'>
   <div class='ocr_carea' id='block_1_1' title="bbox 30 0 559 4">
    <p class='ocr_par' dir='ltr' id='par_1_1' title="bbox 30 0 559 4">
     <span class='ocr_line' id='line_1_1' title="bbox 30 0 559 4; baseline 0 0"><span class='ocrx_word' id='word_1_1' title='bbox 30 0 559 4; x_wconf 95' lang='lat' dir='ltr'><strong> </strong></span> 
     </span>
    </p>
   </div>
   <div class='ocr_carea' id='block_1_2' title="bbox 1413 729 1966 890">
    <p class='ocr_par' dir='ltr' id='par_1_2' title="bbox 1413 729 1966 890">
     <span class='ocr_line' id='line_1_2' title="bbox 1413 729 1966 890; baseline -0.002 -148"><span class='ocrx_word' id='word_1_2' title='bbox 1413 827 1517 840; x_wconf 49' lang='grc'><strong>-</strong></span> <span class='ocrx_word' id='word_1_3' title='bbox 1625 729 1966 890; x_wconf 28' lang='lat'><strong>37’‘-·</strong></span> 
     </span>
    </p>
   </div>
   <div class='ocr_carea' id='block_1_3' title="bbox 653 990 2699 1304">
    <p class='ocr_par' dir='ltr' id='par_1_3' title="bbox 653 990 2699 1304">
     <span class='ocr_line' id='line_1_3' title="bbox 1478 990 1842 1090; baseline 0 0"><span class='ocrx_word' id='word_1_4' title='bbox 1478 991 1557 1090; x_wconf 91' lang='lat' dir='ltr'>X</span> <span class='ocrx_word' id='word_1_5' title='bbox 1573 990 1842 1090; x_wconf 86' lang='lat' dir='ltr'><strong>LVII.</strong></span> 
     </span>
     <span class='ocr_line' id='line_1_4' title="bbox 653 1116 2699 1304; baseline -0.002 -18"><span class='ocrx_word' id='word_1_6' title='bbox 653 1117 765 1286; x_wconf 24' lang='lat' dir='ltr'><strong>no·</strong></span> <span class='ocrx_word' id='word_1_7' title='bbox 817 1201 1278 1286; x_wconf 76' lang='lat' dir='ltr'><strong>canonicatu</strong></span> <span class='ocrx_word' id='word_1_8' title='bbox 1339 1181 1817 1284; x_wconf 72' lang='lat' dir='ltr'><strong>cracoviensi</strong></span> <span class='ocrx_word' id='word_1_9' title='bbox 1874 1199 2187 1286; x_wconf 80' lang='lat' dir='ltr'><strong>duobus·</strong></span> <span class='ocrx_word' id='word_1_10' title='bbox 2219 1116 2699 1304; x_wconf 72' lang='lat' dir='ltr'><strong>iitinantihus.</strong></span> 
     </span>
    </p>
   </div>
   <div class='ocr_carea' id='block_1_4' title="bbox 205 1427 3137 3729">
    <p class='ocr_par' dir='ltr' id='par_1_4' title="bbox 205 1427 3137 3729">
     <span class='ocr_line' id='line_1_5' title="bbox 429 1427 3117 1527; baseline -0.001 -20"><span class='ocrx_word' id='word_1_11' title='bbox 429 1431 600 1507; x_wconf 86' lang='lat' dir='ltr'><strong>Juri</strong></span> <span class='ocrx_word' id='word_1_12' title='bbox 654 1439 727 1506; x_wconf 90' lang='lat' dir='ltr'><strong>et</strong></span> <span class='ocrx_word' id='word_1_13' title='bbox 775 1429 1114 1527; x_wconf 86' lang='lat' dir='ltr'><strong>antiquae</strong></span> <span class='ocrx_word' id='word_1_14' title='bbox 1167 1427 1668 1505; x_wconf 84' lang='lat' dir='ltr'><strong>consuetudini</strong></span> <span class='ocrx_word' id='word_1_15' title='bbox 1722 1451 1804 1504; x_wconf 90' lang='lat' dir='ltr'><strong>se</strong></span> <span class='ocrx_word' id='word_1_16' title='bbox 1857 1429 2394 1505; x_wconf 78' lang='lat' dir='ltr'><strong>conformantes</strong></span> <span class='ocrx_word' id='word_1_17' title='bbox 2464 1428 2815 1504; x_wconf 86' lang='lat' dir='ltr'><strong>hactenus</strong></span> <span class='ocrx_word' id='word_1_18' title='bbox 2870 1430 3117 1504; x_wconf 91' lang='lat' dir='ltr'><strong>obser-</strong></span> 
     </span>
     <span class='ocr_line' id='line_1_6' title="bbox 209 1550 3125 1662; baseline -0.001 -34"><span class='ocrx_word' id='word_1_19' title='bbox 209 1554 440 1646; x_wconf 84' lang='lat' dir='ltr'><strong>vatis,</strong></span> <span class='ocrx_word' id='word_1_20' title='bbox 497 1553 897 1662; x_wconf 83' lang='lat' dir='ltr'><strong>statuimus,</strong></span> <span class='ocrx_word' id='word_1_21' title='bbox 955 1551 1144 1649; x_wconf 91' lang='lat' dir='ltr'><strong>quod</strong></span> <span class='ocrx_word' id='word_1_22' title='bbox 1197 1552 1478 1628; x_wconf 88' lang='lat' dir='ltr'><strong>duobus</strong></span> <span class='ocrx_word' id='word_1_23' title='bbox 1511 1551 1964 1646; x_wconf 77' lang='lat' dir='ltr'><strong>litigantibus</strong></span> <span class='ocrx_word' id='word_1_24' title='bbox 2019 1575 2241 1649; x_wconf 90' lang='lat' dir='ltr'><strong>super</strong></span> <span class='ocrx_word' id='word_1_25' title='bbox 2292 1551 2720 1626; x_wconf 87' lang='lat' dir='ltr'><strong>Praebenda</strong></span> <span class='ocrx_word' id='word_1_26' title='bbox 2762 1553 2836 1626; x_wconf 90' lang='lat' dir='ltr'><strong>in</strong></span> <span class='ocrx_word' id='word_1_27' title='bbox 2872 1550 3125 1626; x_wconf 83' lang='lat' dir='ltr'><strong>eadem</strong></span> 
     </span>
     <span class='ocr_line' id='line_1_7' title="bbox 211 1674 3126 1774; baseline 0 -24"><span class='ocrx_word' id='word_1_28' title='bbox 211 1676 600 1770; x_wconf 77' lang='lat' dir='ltr'><strong>Ecclesia,</strong></span> <span class='ocrx_word' id='word_1_29' title='bbox 675 1685 926 1752; x_wconf 84' lang='lat' dir='ltr'><strong>neuter</strong></span> <span class='ocrx_word' id='word_1_30' title='bbox 978 1697 1222 1752; x_wconf 89' lang='lat' dir='ltr'><strong>eorum</strong></span> <span class='ocrx_word' id='word_1_31' title='bbox 1278 1674 1495 1751; x_wconf 87' lang='lat' dir='ltr'><strong>debet</strong></span> <span class='ocrx_word' id='word_1_32' title='bbox 1547 1675 1639 1750; x_wconf 87' lang='lat' dir='ltr'><strong>ad</strong></span> <span class='ocrx_word' id='word_1_33' title='bbox 1695 1674 2107 1774; x_wconf 80' lang='lat' dir='ltr'><strong>Capitulum</strong></span> <span class='ocrx_word' id='word_1_34' title='bbox 2170 1676 2444 1750; x_wconf 82' lang='lat' dir='ltr'><strong>admitti</strong></span> <span class='ocrx_word' id='word_1_35' title='bbox 2469 1731 2487 1764; x_wconf 90' lang='lat'><strong>,</strong></span> <span class='ocrx_word' id='word_1_36' title='bbox 2560 1699 2693 1749; x_wconf 90' lang='lat' dir='ltr'><strong>nec</strong></span> <span class='ocrx_word' id='word_1_37' title='bbox 2765 1675 3126 1772; x_wconf 78' lang='lat' dir='ltr'><strong>aliquibus</strong></span> 
     </span>
     <span class='ocr_line' id='line_1_8' title="bbox 209 1796 3127 1896; baseline 0 -24"><span class='ocrx_word' id='word_1_38' title='bbox 209 1796 547 1894; x_wconf 85' lang='lat' dir='ltr'><strong>gaudere</strong></span> <span class='ocrx_word' id='word_1_39' title='bbox 618 1797 1066 1896; x_wconf 86' lang='lat' dir='ltr'><strong>portionibus</strong></span> <span class='ocrx_word' id='word_1_40' title='bbox 1137 1798 1264 1872; x_wconf 92' lang='lat' dir='ltr'><strong>lite</strong></span> <span class='ocrx_word' id='word_1_41' title='bbox 1337 1797 1745 1872; x_wconf 83' lang='lat' dir='ltr'><strong>huiusmodi</strong></span> <span class='ocrx_word' id='word_1_42' title='bbox 1817 1797 2159 1891; x_wconf 82' lang='lat' dir='ltr'><strong>durante,</strong></span> <span class='ocrx_word' id='word_1_43' title='bbox 2238 1798 2376 1872; x_wconf 85' lang='lat' dir='ltr'><strong>uisi</strong></span> <span class='ocrx_word' id='word_1_44' title='bbox 2448 1797 2711 1895; x_wconf 89' lang='lat' dir='ltr'><strong>aliquis</strong></span> <span class='ocrx_word' id='word_1_45' title='bbox 2766 1822 2858 1872; x_wconf 90' lang='lat' dir='ltr'><strong>ex</strong></span> <span class='ocrx_word' id='word_1_46' title='bbox 2911 1797 3127 1872; x_wconf 88' lang='lat' dir='ltr'><strong>dictis</strong></span> 
     </span>
     <span class='ocr_line' id='line_1_9' title="bbox 205 1919 3125 2018; baseline -0.001 -23"><span class='ocrx_word' id='word_1_47' title='bbox 205 1921 685 2016; x_wconf 82' lang='lat' dir='ltr'><strong>litigantibus</strong></span> <span class='ocrx_word' id='word_1_48' title='bbox 736 1920 1000 1996; x_wconf 89' lang='lat' dir='ltr'><strong>fuisset</strong></span> <span class='ocrx_word' id='word_1_49' title='bbox 1033 1919 1155 1994; x_wconf 87' lang='lat' dir='ltr'><strong>vel</strong></span> <span class='ocrx_word' id='word_1_50' title='bbox 1191 1928 1391 1994; x_wconf 90' lang='lat' dir='ltr'><strong>esset</strong></span> <span class='ocrx_word' id='word_1_51' title='bbox 1443 1941 1832 2017; x_wconf 83' lang='lat' dir='ltr'><strong>possessor</strong></span> <span class='ocrx_word' id='word_1_52' title='bbox 1883 1920 2243 2016; x_wconf 87' lang='lat' dir='ltr'><strong>antiquus,</strong></span> <span class='ocrx_word' id='word_1_53' title='bbox 2298 1927 2371 1994; x_wconf 91' lang='lat' dir='ltr'><strong>et</strong></span> <span class='ocrx_word' id='word_1_54' title='bbox 2420 1944 2554 2018; x_wconf 88' lang='lat' dir='ltr'><strong>per</strong></span> <span class='ocrx_word' id='word_1_55' title='bbox 2586 1944 2802 1995; x_wconf 87' lang='lat' dir='ltr'><strong>unum</strong></span> <span class='ocrx_word' id='word_1_56' title='bbox 2840 1943 3125 2013; x_wconf 89' lang='lat' dir='ltr'><strong>annum,</strong></span> 
     </span>
     <span class='ocr_line' id='line_1_10' title="bbox 207 2039 3123 2140; baseline -0 -23"><span class='ocrx_word' id='word_1_57' title='bbox 207 2051 628 2140; x_wconf 88' lang='lat' dir='ltr'><strong>postquam·</strong></span> <span class='ocrx_word' id='word_1_58' title='bbox 656 2041 1194 2140; x_wconf 87' lang='lat' dir='ltr'><strong>possessionem</strong></span> <span class='ocrx_word' id='word_1_59' title='bbox 1250 2041 1482 2139; x_wconf 89' lang='lat' dir='ltr'><strong>ipsius</strong></span> <span class='ocrx_word' id='word_1_60' title='bbox 1537 2039 2006 2117; x_wconf 88' lang='lat' dir='ltr'><strong>Praebendae</strong></span> <span class='ocrx_word' id='word_1_61' title='bbox 2060 2043 2320 2118; x_wconf 87' lang='lat' dir='ltr'><strong>fuisset</strong></span> <span class='ocrx_word' id='word_1_62' title='bbox 2355 2050 2753 2135; x_wconf 86' lang='lat' dir='ltr'><strong>assecutus,</strong></span> <span class='ocrx_word' id='word_1_63' title='bbox 2810 2066 2943 2140; x_wconf 90' lang='lat' dir='ltr'><strong>per</strong></span> <span class='ocrx_word' id='word_1_64' title='bbox 2993 2043 3123 2116; x_wconf 89' lang='lat' dir='ltr'><strong>ali·</strong></span> 
     </span>
     <span class='ocr_line' id='line_1_11' title="bbox 215 2163 3127 2262; baseline 0 -24"><span class='ocrx_word' id='word_1_65' title='bbox 215 2188 444 2262; x_wconf 89' lang='lat' dir='ltr'><strong>quem</strong></span> <span class='ocrx_word' id='word_1_66' title='bbox 495 2187 638 2240; x_wconf 89' lang='lat' dir='ltr'><strong>non</strong></span> <span class='ocrx_word' id='word_1_67' title='bbox 691 2164 952 2240; x_wconf 85' lang='lat' dir='ltr'><strong>fuisset</strong></span> <span class='ocrx_word' id='word_1_68' title='bbox 1001 2164 1390 2262; x_wconf 86' lang='lat' dir='ltr'><strong>impeditus</strong></span> <span class='ocrx_word' id='word_1_69' title='bbox 1449 2164 1890 2259; x_wconf 83' lang='lat' dir='ltr'><strong>litigantem,</strong></span> <span class='ocrx_word' id='word_1_70' title='bbox 1966 2163 2136 2239; x_wconf 89' lang='lat' dir='ltr'><strong>talis</strong></span> <span class='ocrx_word' id='word_1_71' title='bbox 2190 2164 2379 2238; x_wconf 90' lang='lat' dir='ltr'><strong>enim</strong></span> <span class='ocrx_word' id='word_1_72' title='bbox 2449 2187 2843 2262; x_wconf 88' lang='lat' dir='ltr'><strong>possessor</strong></span> <span class='ocrx_word' id='word_1_73' title='bbox 2912 2164 3127 2239; x_wconf 86' lang='lat' dir='ltr'><strong>etiam</strong></span> 
     </span>
     <span class='ocr_line' id='line_1_12' title="bbox 209 2285 3129 2384; baseline -0.001 -22"><span class='ocrx_word' id='word_1_74' title='bbox 209 2287 354 2362; x_wconf 88' lang='lat' dir='ltr'><strong>lite</strong></span> <span class='ocrx_word' id='word_1_75' title='bbox 410 2287 554 2362; x_wconf 89' lang='lat' dir='ltr'><strong>sibi</strong></span> <span class='ocrx_word' id='word_1_76' title='bbox 606 2295 819 2381; x_wconf 91' lang='lat' dir='ltr'><strong>mota,</strong></span> <span class='ocrx_word' id='word_1_77' title='bbox 874 2296 949 2362; x_wconf 91' lang='lat' dir='ltr'><strong>et</strong></span> <span class='ocrx_word' id='word_1_78' title='bbox 998 2287 1092 2362; x_wconf 91' lang='lat' dir='ltr'><strong>ad</strong></span> <span class='ocrx_word' id='word_1_79' title='bbox 1149 2285 1562 2384; x_wconf 85' lang='lat' dir='ltr'><strong>Capitulum</strong></span> <span class='ocrx_word' id='word_1_80' title='bbox 1617 2287 1894 2380; x_wconf 83' lang='lat' dir='ltr'><strong>admitti</strong></span> <span class='ocrx_word' id='word_1_81' title='bbox 1948 2286 2193 2380; x_wconf 86' lang='lat' dir='ltr'><strong>debet,</strong></span> <span class='ocrx_word' id='word_1_82' title='bbox 2248 2295 2338 2362; x_wconf 74' lang='lat' dir='ltr'><strong>,et</strong></span> <span class='ocrx_word' id='word_1_83' title='bbox 2390 2286 2720 2362; x_wconf 89' lang='lat' dir='ltr'><strong>omnibus</strong></span> <span class='ocrx_word' id='word_1_84' title='bbox 2792 2286 3129 2361; x_wconf 83' lang='lat' dir='ltr'><strong>distribu-</strong></span> 
     </span>
     <span class='ocr_line' id='line_1_13' title="bbox 217 2406 3129 2508; baseline -0.001 -23"><span class='ocrx_word' id='word_1_85' title='bbox 217 2411 552 2486; x_wconf 89' lang='lat' dir='ltr'><strong>tionibus</strong></span> <span class='ocrx_word' id='word_1_86' title='bbox 582 2411 798 2508; x_wconf 88' lang='lat' dir='ltr'><strong>plene</strong></span> <span class='ocrx_word' id='word_1_87' title='bbox 831 2408 1173 2508; x_wconf 85' lang='lat' dir='ltr'><strong>gaudere,</strong></span> <span class='ocrx_word' id='word_1_88' title='bbox 1215 2433 1584 2506; x_wconf 89' lang='lat' dir='ltr'><strong>usquequo</strong></span> <span class='ocrx_word' id='word_1_89' title='bbox 1627 2408 1844 2484; x_wconf 89' lang='lat' dir='ltr'><strong>fuerit</strong></span> <span class='ocrx_word' id='word_1_90' title='bbox 1877 2406 1926 2482; x_wconf 87' lang='lat' dir='ltr'><strong>J</strong></span> <span class='ocrx_word' id='word_1_91' title='bbox 1931 2430 2057 2483; x_wconf 88' lang='lat' dir='ltr'><strong>ure</strong></span> <span class='ocrx_word' id='word_1_92' title='bbox 2093 2407 2489 2484; x_wconf 79' lang='lat' dir='ltr'><strong>convictus.</strong></span> <span class='ocrx_word' id='word_1_93' title='bbox 2546 2406 2859 2484; x_wconf 85' lang='lat' dir='ltr'><strong>Nomina</strong></span> <span class='ocrx_word' id='word_1_94' title='bbox 2894 2416 3129 2485; x_wconf 85' lang='lat' dir='ltr'><strong>autem</strong></span> 
     </span>
     <span class='ocr_line' id='line_1_14' title="bbox 209 2529 3117 2631; baseline -0.001 -25"><span class='ocrx_word' id='word_1_95' title='bbox 209 2532 702 2607; x_wconf 90' lang='lat' dir='ltr'><strong>Dominorum</strong></span> <span class='ocrx_word' id='word_1_96' title='bbox 759 2529 1114 2609; x_wconf 82' lang='lat' dir='ltr'><strong>Statutum</strong></span> <span class='ocrx_word' id='word_1_97' title='bbox 1168 2533 1566 2631; x_wconf 89' lang='lat' dir='ltr'><strong>praefatum</strong></span> <span class='ocrx_word' id='word_1_98' title='bbox 1623 2531 2079 2606; x_wconf 87' lang='lat' dir='ltr'><strong>condentium</strong></span> <span class='ocrx_word' id='word_1_99' title='bbox 2117 2540 2511 2628; x_wconf 89' lang='lat' dir='ltr'><strong>sequuntur</strong></span> <span class='ocrx_word' id='word_1_100' title='bbox 2543 2532 2619 2605; x_wconf 89' lang='lat' dir='ltr'><strong>in</strong></span> <span class='ocrx_word' id='word_1_101' title='bbox 2654 2531 2836 2606; x_wconf 88' lang='lat' dir='ltr'><strong>haec</strong></span> <span class='ocrx_word' id='word_1_102' title='bbox 2874 2533 3117 2605; x_wconf 89' lang='lat' dir='ltr'><strong>verba.</strong></span> 
     </span>
     <span class='ocr_line' id='line_1_15' title="bbox 215 2649 3129 2752; baseline -0 -23"><span class='ocrx_word' id='word_1_103' title='bbox 215 2652 596 2750; x_wconf 89' lang='lat' dir='ltr'><strong>Sbigneus</strong></span> <span class='ocrx_word' id='word_1_104' title='bbox 650 2652 1260 2748; x_wconf 89' lang='lat' dir='ltr'><strong>Archidiaconus,</strong></span> <span class='ocrx_word' id='word_1_105' title='bbox 1333 2653 1757 2752; x_wconf 78' lang='lat' dir='ltr'><strong>Mczyslaus</strong></span> <span class='ocrx_word' id='word_1_106' title='bbox 1827 2651 2084 2728; x_wconf 90' lang='lat' dir='ltr'><strong>Abbas</strong></span> <span class='ocrx_word' id='word_1_107' title='bbox 2140 2653 2575 2730; x_wconf 87' lang='lat' dir='ltr'><strong>Tinecensis</strong></span> <span class='ocrx_word' id='word_1_108' title='bbox 2598 2711 2615 2746; x_wconf 94' lang='lat'><strong>,</strong></span> <span class='ocrx_word' id='word_1_109' title='bbox 2676 2653 2849 2729; x_wconf 89' lang='lat' dir='ltr'><strong>Otto</strong></span> <span class='ocrx_word' id='word_1_110' title='bbox 2902 2649 3129 2728; x_wconf 84' lang='lat' dir='ltr'><strong>Scho-</strong></span> 
     </span>
     <span class='ocr_line' id='line_1_16' title="bbox 207 2772 3131 2876; baseline -0.001 -25"><span class='ocrx_word' id='word_1_111' title='bbox 207 2774 526 2851; x_wconf 79' lang='lat' dir='ltr'><strong>lasticus</strong></span> <span class='ocrx_word' id='word_1_112' title='bbox 545 2833 564 2867; x_wconf 94' lang='lat'><strong>,</strong></span> <span class='ocrx_word' id='word_1_113' title='bbox 636 2775 690 2851; x_wconf 86' lang='lat' dir='ltr'>J</span> <span class='ocrx_word' id='word_1_114' title='bbox 693 2775 1016 2852; x_wconf 90' lang='lat' dir='ltr'><strong>ohannes</strong></span> <span class='ocrx_word' id='word_1_115' title='bbox 1100 2772 1589 2874; x_wconf 81' lang='lat' dir='ltr'><strong>Szafranyecz</strong></span> <span class='ocrx_word' id='word_1_116' title='bbox 1675 2775 1984 2871; x_wconf 89' lang='lat' dir='ltr'><strong>Custos,</strong></span> <span class='ocrx_word' id='word_1_117' title='bbox 2061 2772 2399 2872; x_wconf 87' lang='lat' dir='ltr'><strong>Setegius</strong></span> <span class='ocrx_word' id='word_1_118' title='bbox 2480 2774 2753 2852; x_wconf 83' lang='lat' dir='ltr'><strong>Cantor</strong></span> <span class='ocrx_word' id='word_1_119' title='bbox 2824 2775 3131 2876; x_wconf 82' lang='lat' dir='ltr'><strong>Wysly·</strong></span> 
     </span>
     <span class='ocr_line' id='line_1_17' title="bbox 211 2895 3127 2997; baseline 0 -23"><span class='ocrx_word' id='word_1_120' title='bbox 211 2899 516 2974; x_wconf 82' lang='lat' dir='ltr'><strong>czensis</strong></span> <span class='ocrx_word' id='word_1_121' title='bbox 537 2953 555 2988; x_wconf 90' lang='lat'>‚</span> <span class='ocrx_word' id='word_1_122' title='bbox 629 2897 683 2973; x_wconf 86' lang='lat' dir='ltr'>J</span> <span class='ocrx_word' id='word_1_123' title='bbox 685 2898 1009 2974; x_wconf 88' lang='lat' dir='ltr'><strong>ohannes</strong></span> <span class='ocrx_word' id='word_1_124' title='bbox 1076 2898 1550 2997; x_wconf 88' lang='lat' dir='ltr'><strong>Praepositus</strong></span> <span class='ocrx_word' id='word_1_125' title='bbox 1619 2898 2003 2975; x_wconf 87' lang='lat' dir='ltr'><strong>Ecclesiae</strong></span> <span class='ocrx_word' id='word_1_126' title='bbox 2073 2895 2150 2974; x_wconf 89' lang='lat' dir='ltr'><strong>S.</strong></span> <span class='ocrx_word' id='word_1_127' title='bbox 2214 2899 2601 2976; x_wconf 87' lang='lat' dir='ltr'><strong>Michaelis</strong></span> <span class='ocrx_word' id='word_1_128' title='bbox 2623 2957 2639 2990; x_wconf 92' lang='lat'><strong>,</strong></span> <span class='ocrx_word' id='word_1_129' title='bbox 2712 2898 3127 2975; x_wconf 80' lang='lat' dir='ltr'><strong>Meczslaus</strong></span> 
     </span>
     <span class='ocr_line' id='line_1_18' title="bbox 209 3018 3129 3123; baseline 0.001 -28"><span class='ocrx_word' id='word_1_130' title='bbox 209 3019 460 3114; x_wconf 86' lang='lat' dir='ltr'><strong>Adae,</strong></span> <span class='ocrx_word' id='word_1_131' title='bbox 517 3021 982 3120; x_wconf 80' lang='lat' dir='ltr'><strong>Dzywissius</strong></span> <span class='ocrx_word' id='word_1_132' title='bbox 1032 3020 1506 3119; x_wconf 89' lang='lat' dir='ltr'><strong>Praepositus</strong></span> <span class='ocrx_word' id='word_1_133' title='bbox 1560 3018 2213 3123; x_wconf 78' lang='lat' dir='ltr'><strong>Skarbimiriensis,</strong></span> <span class='ocrx_word' id='word_1_134' title='bbox 2270 3021 2530 3097; x_wconf 85' lang='lat' dir='ltr'><strong>Petrus</strong></span> <span class='ocrx_word' id='word_1_135' title='bbox 2585 3019 2945 3116; x_wconf 88' lang='lat' dir='ltr'><strong>Strzelcz,</strong></span> <span class='ocrx_word' id='word_1_136' title='bbox 2998 3022 3052 3098; x_wconf 86' lang='lat' dir='ltr'><strong>J</strong></span> <span class='ocrx_word' id='word_1_137' title='bbox 3055 3044 3129 3097; x_wconf 93' lang='lat' dir='ltr'><strong>o-</strong></span> 
     </span>
     <span class='ocr_line' id='line_1_19' title="bbox 211 3141 3129 3243; baseline 0 -24"><span class='ocrx_word' id='word_1_138' title='bbox 211 3143 508 3219; x_wconf 85' lang='lat' dir='ltr'><strong>hannes</strong></span> <span class='ocrx_word' id='word_1_139' title='bbox 561 3142 653 3219; x_wconf 89' lang='lat' dir='ltr'><strong>de</strong></span> <span class='ocrx_word' id='word_1_140' title='bbox 705 3143 1278 3239; x_wconf 85' lang='lat' dir='ltr'><strong>Korabowicze,</strong></span> <span class='ocrx_word' id='word_1_141' title='bbox 1341 3141 1693 3220; x_wconf 91' lang='lat' dir='ltr'><strong>Nicolaus</strong></span> <span class='ocrx_word' id='word_1_142' title='bbox 1746 3143 2011 3243; x_wconf 84' lang='lat' dir='ltr'><strong>Poray,</strong></span> <span class='ocrx_word' id='word_1_143' title='bbox 2068 3143 2438 3220; x_wconf 88' lang='lat' dir='ltr'><strong>Abraham</strong></span> <span class='ocrx_word' id='word_1_144' title='bbox 2494 3144 2586 3220; x_wconf 87' lang='lat' dir='ltr'><strong>de</strong></span> <span class='ocrx_word' id='word_1_145' title='bbox 2638 3144 3129 3238; x_wconf 82' lang='lat' dir='ltr'><strong>Przeszwodi,</strong></span> 
     </span>
     <span class='ocr_line' id='line_1_20' title="bbox 211 3264 3132 3367; baseline -0 -24"><span class='ocrx_word' id='word_1_146' title='bbox 211 3266 608 3343; x_wconf 83' lang='lat' dir='ltr'><strong>Janislaus</strong></span> <span class='ocrx_word' id='word_1_147' title='bbox 645 3266 1004 3341; x_wconf 88' lang='lat' dir='ltr'><strong>Derslaus</strong></span> <span class='ocrx_word' id='word_1_148' title='bbox 1038 3267 1384 3341; x_wconf 86' lang='lat' dir='ltr'><strong>Decanus</strong></span> <span class='ocrx_word' id='word_1_149' title='bbox 1418 3266 1957 3367; x_wconf 78' lang='lat' dir='ltr'><strong>Kyelcziensis,</strong></span> <span class='ocrx_word' id='word_1_150' title='bbox 2015 3266 2333 3342; x_wconf 84' lang='lat' dir='ltr'><strong>Michael</strong></span> <span class='ocrx_word' id='word_1_151' title='bbox 2380 3264 2877 3343; x_wconf 87' lang='lat' dir='ltr'><strong>Scholasticus</strong></span> <span class='ocrx_word' id='word_1_152' title='bbox 2932 3265 3132 3343; x_wconf 78' lang='lat' dir='ltr'><strong>Gne-</strong></span> 
     </span>
     <span class='ocr_line' id='line_1_21' title="bbox 217 3387 3137 3487; baseline 0 -24"><span class='ocrx_word' id='word_1_153' title='bbox 217 3389 554 3481; x_wconf 87' lang='lat' dir='ltr'><strong>snensis,</strong></span> <span class='ocrx_word' id='word_1_154' title='bbox 609 3388 972 3464; x_wconf 82' lang='lat' dir='ltr'><strong>Hem-icus</strong></span> <span class='ocrx_word' id='word_1_155' title='bbox 1023 3388 1282 3487; x_wconf 87' lang='lat' dir='ltr'><strong>Repti,</strong></span> <span class='ocrx_word' id='word_1_156' title='bbox 1337 3387 1692 3465; x_wconf 84' lang='lat' dir='ltr'><strong>Martinus</strong></span> <span class='ocrx_word' id='word_1_157' title='bbox 1747 3389 1837 3464; x_wconf 88' lang='lat' dir='ltr'><strong>de</strong></span> <span class='ocrx_word' id='word_1_158' title='bbox 1892 3388 2421 3483; x_wconf 83' lang='lat' dir='ltr'><strong>Postantalice,</strong></span> <span class='ocrx_word' id='word_1_159' title='bbox 2496 3388 2881 3465; x_wconf 85' lang='lat' dir='ltr'><strong>Florianus</strong></span> <span class='ocrx_word' id='word_1_160' title='bbox 2934 3389 3137 3464; x_wconf 88' lang='lat' dir='ltr'><strong>Petri</strong></span> 
     </span>
     <span class='ocr_line' id='line_1_22' title="bbox 217 3508 3135 3610; baseline 0.001 -26"><span class='ocrx_word' id='word_1_161' title='bbox 217 3510 699 3609; x_wconf 79' lang='lat' dir='ltr'><strong>Nyemyerza</strong></span> <span class='ocrx_word' id='word_1_162' title='bbox 751 3511 842 3584; x_wconf 92' lang='lat' dir='ltr'><strong>de</strong></span> <span class='ocrx_word' id='word_1_163' title='bbox 894 3508 1301 3603; x_wconf 77' lang='lat' dir='ltr'><strong>ChrzeloW,</strong></span> <span class='ocrx_word' id='word_1_164' title='bbox 1372 3510 1752 3587; x_wconf 86' lang='lat' dir='ltr'><strong>Johannes</strong></span> <span class='ocrx_word' id='word_1_165' title='bbox 1813 3511 2054 3586; x_wconf 86' lang='lat' dir='ltr'><strong>Pelka</strong></span> <span class='ocrx_word' id='word_1_166' title='bbox 2105 3511 2197 3585; x_wconf 90' lang='lat' dir='ltr'><strong>de</strong></span> <span class='ocrx_word' id='word_1_167' title='bbox 2250 3511 2703 3610; x_wconf 83' lang='lat' dir='ltr'><strong>Nyewesch,</strong></span> <span class='ocrx_word' id='word_1_168' title='bbox 2778 3510 3135 3587; x_wconf 88' lang='lat' dir='ltr'><strong>Martinus</strong></span> 
     </span>
     <span class='ocr_line' id='line_1_23' title="bbox 215 3630 2198 3729; baseline 0.002 -23"><span class='ocrx_word' id='word_1_169' title='bbox 215 3630 618 3707; x_wconf 84' lang='lat' dir='ltr'><strong>Michaelis</strong></span> <span class='ocrx_word' id='word_1_170' title='bbox 671 3632 762 3708; x_wconf 87' lang='lat' dir='ltr'><strong>de</strong></span> <span class='ocrx_word' id='word_1_171' title='bbox 819 3631 1186 3729; x_wconf 85' lang='lat' dir='ltr'><strong>Olszowa,</strong></span> <span class='ocrx_word' id='word_1_172' title='bbox 1242 3632 1594 3709; x_wconf 89' lang='lat' dir='ltr'><strong>Canonici</strong></span> <span class='ocrx_word' id='word_1_173' title='bbox 1648 3632 2198 3711; x_wconf 87' lang='lat' dir='ltr'><strong>Cracovienses.</strong></span> 
     </span>
    </p>
   </div>
   <div class='ocr_carea' id='block_1_5' title="bbox 1469 3952 1880 4085">
    <p class='ocr_par' dir='ltr' id='par_1_5' title="bbox 1469 3952 1880 4085">
     <span class='ocr_line' id='line_1_24' title="bbox 1469 3952 1880 4085; baseline 0.007 -4"><span class='ocrx_word' id='word_1_174' title='bbox 1469 3952 1880 4085; x_wconf 79' lang='lat' dir='ltr'><strong>XLVIII.</strong></span> 
     </span>
    </p>
   </div>
   <div class='ocr_carea' id='block_1_6' title="bbox 822 4144 2547 4294">
    <p class='ocr_par' dir='ltr' id='par_1_6' title="bbox 822 4144 2547 4294">
     <span class='ocr_line' id='line_1_25' title="bbox 822 4144 2547 4294; baseline 0.001 -21"><span class='ocrx_word' id='word_1_175' title='bbox 822 4186 1106 4273; x_wconf 75' lang='lat' dir='ltr'><strong>contra</strong></span> <span class='ocrx_word' id='word_1_176' title='bbox 1154 4187 1589 4275; x_wconf 79' lang='lat' dir='ltr'><strong>formantes</strong></span> <span class='ocrx_word' id='word_1_177' title='bbox 1643 4208 2095 4294; x_wconf 77' lang='lat' dir='ltr'><strong>processum</strong></span> <span class='ocrx_word' id='word_1_178' title='bbox 2152 4144 2547 4276; x_wconf 76' lang='lat' dir='ltr'><strong>iuridicum.</strong></span> 
     </span>
    </p>
   </div>
   <div class='ocr_carea' id='block_1_7' title="bbox 227 4400 3139 5037">
    <p class='ocr_par' dir='ltr' id='par_1_7' title="bbox 227 4400 3139 5037">
     <span class='ocr_line' id='line_1_26' title="bbox 446 4400 3137 4521; baseline 0.003 -30"><span class='ocrx_word' id='word_1_179' title='bbox 446 4414 834 4492; x_wconf 86' lang='lat' dir='ltr'><strong>Praeterea</strong></span> <span class='ocrx_word' id='word_1_180' title='bbox 885 4418 1052 4514; x_wconf 89' lang='lat' dir='ltr'><strong>quia</strong></span> <span class='ocrx_word' id='word_1_181' title='bbox 1089 4418 1534 4517; x_wconf 84' lang='lat' dir='ltr'><strong>experientia</strong></span> <span class='ocrx_word' id='word_1_182' title='bbox 1588 4418 1889 4496; x_wconf 83' lang='lat' dir='ltr'><strong>docente</strong></span> <span class='ocrx_word' id='word_1_183' title='bbox 1945 4400 2385 4521; x_wconf 84' lang='lat' dir='ltr'><strong>compertum</strong></span> <span class='ocrx_word' id='word_1_184' title='bbox 2439 4430 2551 4497; x_wconf 91' lang='lat' dir='ltr'><strong>est</strong></span> <span class='ocrx_word' id='word_1_185' title='bbox 2603 4422 2909 4520; x_wconf 91' lang='lat' dir='ltr'><strong>qualiter</strong></span> <span class='ocrx_word' id='word_1_186' title='bbox 2964 4447 3137 4498; x_wconf 88' lang='lat' dir='ltr'><strong>non·</strong></span> 
     </span>
     <span class='ocr_line' id='line_1_27' title="bbox 227 4528 3139 4641; baseline 0.002 -26"><span class='ocrx_word' id='word_1_187' title='bbox 227 4538 419 4617; x_wconf 91' lang='lat' dir='ltr'><strong>nulli</strong></span> <span class='ocrx_word' id='word_1_188' title='bbox 475 4562 568 4615; x_wconf 92' lang='lat' dir='ltr'><strong>ex</strong></span> <span class='ocrx_word' id='word_1_189' title='bbox 620 4538 1012 4615; x_wconf 89' lang='lat' dir='ltr'><strong>Canonicis</strong></span> <span class='ocrx_word' id='word_1_190' title='bbox 1063 4540 1277 4617; x_wconf 88' lang='lat' dir='ltr'><strong>huius</strong></span> <span class='ocrx_word' id='word_1_191' title='bbox 1328 4541 1708 4618; x_wconf 87' lang='lat' dir='ltr'><strong>Ecclesiae</strong></span> <span class='ocrx_word' id='word_1_192' title='bbox 1731 4600 1749 4637; x_wconf 92' lang='lat'><strong>,</strong></span> <span class='ocrx_word' id='word_1_193' title='bbox 1821 4543 2110 4641; x_wconf 87' lang='lat' dir='ltr'><strong>quando</strong></span> <span class='ocrx_word' id='word_1_194' title='bbox 2183 4553 2433 4621; x_wconf 90' lang='lat' dir='ltr'><strong>contra</strong></span> <span class='ocrx_word' id='word_1_195' title='bbox 2504 4568 2631 4621; x_wconf 90' lang='lat' dir='ltr'><strong>eos</strong></span> <span class='ocrx_word' id='word_1_196' title='bbox 2686 4528 3139 4622; x_wconf 76' lang='lat' dir='ltr'><strong>executoriae</strong></span> 
     </span>
     <span class='ocr_line' id='line_1_28' title="bbox 229 4660 3139 4765; baseline 0.002 -27"><span class='ocrx_word' id='word_1_197' title='bbox 229 4663 396 4738; x_wconf 88' lang='lat' dir='ltr'><strong>sive</strong></span> <span class='ocrx_word' id='word_1_198' title='bbox 448 4660 874 4756; x_wconf 88' lang='lat' dir='ltr'><strong>gratiarum,</strong></span> <span class='ocrx_word' id='word_1_199' title='bbox 932 4662 1088 4737; x_wconf 88' lang='lat' dir='ltr'><strong>sive</strong></span> <span class='ocrx_word' id='word_1_200' title='bbox 1151 4663 1257 4737; x_wconf 89' lang='lat' dir='ltr'><strong>rei</strong></span> <span class='ocrx_word' id='word_1_201' title='bbox 1309 4663 1667 4739; x_wconf 89' lang='lat' dir='ltr'><strong>iudicatae</strong></span> <span class='ocrx_word' id='word_1_202' title='bbox 1723 4666 2208 4758; x_wconf 89' lang='lat' dir='ltr'><strong>extrahuntur,</strong></span> <span class='ocrx_word' id='word_1_203' title='bbox 2281 4690 2509 4743; x_wconf 87' lang='lat' dir='ltr'><strong>novas</strong></span> <span class='ocrx_word' id='word_1_204' title='bbox 2564 4677 2636 4743; x_wconf 87' lang='lat' dir='ltr'><strong>et</strong></span> <span class='ocrx_word' id='word_1_205' title='bbox 2691 4669 3139 4765; x_wconf 89' lang='lat' dir='ltr'><strong>excogitatas</strong></span> 
     </span>
     <span class='ocr_line' id='line_1_29' title="bbox 228 4782 3139 4889; baseline 0.002 -30"><span class='ocrx_word' id='word_1_206' title='bbox 228 4784 411 4859; x_wconf 90' lang='lat' dir='ltr'><strong>lites</strong></span> <span class='ocrx_word' id='word_1_207' title='bbox 466 4790 538 4857; x_wconf 90' lang='lat' dir='ltr'><strong>et</strong></span> <span class='ocrx_word' id='word_1_208' title='bbox 587 4782 1097 4881; x_wconf 88' lang='lat' dir='ltr'><strong>impedimenta</strong></span> <span class='ocrx_word' id='word_1_209' title='bbox 1165 4784 1502 4880; x_wconf 90' lang='lat' dir='ltr'><strong>ingerunt</strong></span> <span class='ocrx_word' id='word_1_210' title='bbox 1572 4785 1909 4885; x_wconf 90' lang='lat' dir='ltr'><strong>Capitulo</strong></span> <span class='ocrx_word' id='word_1_211' title='bbox 1931 4844 1948 4879; x_wconf 94' lang='lat'><strong>‚</strong></span> <span class='ocrx_word' id='word_1_212' title='bbox 2026 4811 2117 4863; x_wconf 93' lang='lat' dir='ltr'><strong>ne</strong></span> <span class='ocrx_word' id='word_1_213' title='bbox 2189 4788 2595 4865; x_wconf 88' lang='lat' dir='ltr'><strong>huiusmodi</strong></span> <span class='ocrx_word' id='word_1_214' title='bbox 2665 4813 3139 4889; x_wconf 89' lang='lat' dir='ltr'><strong>processuum</strong></span> 
     </span>
     <span class='ocr_line' id='line_1_30' title="bbox 233 4886 3139 5037; baseline 0.002 -57"><span class='ocrx_word' id='word_1_215' title='bbox 233 4904 832 4981; x_wconf 85' lang='lat' dir='ltr'><strong>executorialium</strong></span> <span class='ocrx_word' id='word_1_216' title='bbox 887 4886 1022 4980; x_wconf 50' lang='lat' dir='ltr'><strong>&#39;fiat</strong></span> <span class='ocrx_word' id='word_1_217' title='bbox 1073 4908 1441 5003; x_wconf 84' lang='lat' dir='ltr'><strong>executio,</strong></span> <span class='ocrx_word' id='word_1_218' title='bbox 1517 4907 1916 4985; x_wconf 86' lang='lat' dir='ltr'><strong>ordinatum</strong></span> <span class='ocrx_word' id='word_1_219' title='bbox 1973 4919 2047 4985; x_wconf 90' lang='lat' dir='ltr'><strong>et</strong></span> <span class='ocrx_word' id='word_1_220' title='bbox 2100 4918 2436 4987; x_wconf 90' lang='lat' dir='ltr'><strong>statutum</strong></span> <span class='ocrx_word' id='word_1_221' title='bbox 2508 4920 2620 4988; x_wconf 88' lang='lat' dir='ltr'><strong>est</strong></span> <span class='ocrx_word' id='word_1_222' title='bbox 2672 4913 2747 5037; x_wconf 61' lang='lat' dir='ltr'><strong>in</strong></span> <span class='ocrx_word' id='word_1_223' title='bbox 2800 4911 3139 5011; x_wconf 90' lang='lat' dir='ltr'><strong>Capitulo</strong></span> 
     </span>
    </p>
   </div>
   <div class='ocr_carea' id='block_1_8' title="bbox 231 4996 3395 5133">
    <p class='ocr_par' dir='ltr' id='par_1_8' title="bbox 231 4996 3395 5133">
     <span class='ocr_line' id='line_1_31' title="bbox 231 4996 3395 5133; baseline 0.002 -31"><span class='ocrx_word' id='word_1_224' title='bbox 231 5026 659 5127; x_wconf 85' lang='lat' dir='ltr'><strong>praedicto,</strong></span> <span class='ocrx_word' id='word_1_225' title='bbox 729 5026 922 5123; x_wconf 83' lang='lat' dir='ltr'><strong>quod</strong></span> <span class='ocrx_word' id='word_1_226' title='bbox 977 5028 1038 5103; x_wconf 90' lang='lat' dir='ltr'><strong>si</strong></span> <span class='ocrx_word' id='word_1_227' title='bbox 1094 5028 1256 5125; x_wconf 90' lang='lat' dir='ltr'><strong>quis</strong></span> <span class='ocrx_word' id='word_1_228' title='bbox 1311 5029 1402 5104; x_wconf 89' lang='lat' dir='ltr'><strong>de</strong></span> <span class='ocrx_word' id='word_1_229' title='bbox 1456 5038 1744 5106; x_wconf 88' lang='lat' dir='ltr'><strong>caetero</strong></span> <span class='ocrx_word' id='word_1_230' title='bbox 1796 5031 2182 5109; x_wconf 87' lang='lat' dir='ltr'><strong>Praelatus</strong></span> <span class='ocrx_word' id='word_1_231' title='bbox 2236 5042 2361 5109; x_wconf 88' lang='lat' dir='ltr'><strong>aut</strong></span> <span class='ocrx_word' id='word_1_232' title='bbox 2412 5030 2825 5109; x_wconf 78' lang='lat' dir='ltr'><strong>Oanomeus</strong></span> <span class='ocrx_word' id='word_1_233' title='bbox 2880 5034 3139 5110; x_wconf 85' lang='lat' dir='ltr'><strong>Eccle-</strong></span> <span class='ocrx_word' id='word_1_234' title='bbox 3278 5120 3291 5133; x_wconf 50' lang='grc'><strong>,</strong></span> <span class='ocrx_word' id='word_1_235' title='bbox 3354 4996 3395 5088; x_wconf 32' lang='lat'><strong>‘-</strong></span> 
     </span>
    </p>
   </div>
   <div class='ocr_carea' id='block_1_9' title="bbox 231 5148 3139 5499">
    <p class='ocr_par' dir='ltr' id='par_1_9' title="bbox 231 5148 3139 5499">
     <span class='ocr_line' id='line_1_32' title="bbox 234 5148 3130 5254; baseline 0.003 -29"><span class='ocrx_word' id='word_1_236' title='bbox 234 5150 398 5225; x_wconf 84' lang='lat' dir='ltr'><strong>siae</strong></span> <span class='ocrx_word' id='word_1_237' title='bbox 451 5148 864 5224; x_wconf 87' lang='lat' dir='ltr'><strong>huiusmodi</strong></span> <span class='ocrx_word' id='word_1_238' title='bbox 917 5173 1049 5248; x_wconf 90' lang='lat' dir='ltr'><strong>pro</strong></span> <span class='ocrx_word' id='word_1_239' title='bbox 1104 5174 1216 5242; x_wconf 93' lang='lat' dir='ltr'><strong>eo,</strong></span> <span class='ocrx_word' id='word_1_240' title='bbox 1273 5151 1463 5248; x_wconf 87' lang='lat' dir='ltr'><strong>quod</strong></span> <span class='ocrx_word' id='word_1_241' title='bbox 1519 5162 1770 5228; x_wconf 89' lang='lat' dir='ltr'><strong>contra</strong></span> <span class='ocrx_word' id='word_1_242' title='bbox 1838 5154 2075 5253; x_wconf 89' lang='lat' dir='ltr'><strong>ipsum</strong></span> <span class='ocrx_word' id='word_1_243' title='bbox 2131 5164 2204 5231; x_wconf 92' lang='lat' dir='ltr'><strong>et</strong></span> <span class='ocrx_word' id='word_1_244' title='bbox 2255 5154 2665 5254; x_wconf 84' lang='lat' dir='ltr'><strong>Capitulum</strong></span> <span class='ocrx_word' id='word_1_245' title='bbox 2722 5165 2845 5231; x_wconf 92' lang='lat' dir='ltr'><strong>aut</strong></span> <span class='ocrx_word' id='word_1_246' title='bbox 2890 5158 3130 5233; x_wconf 90' lang='lat' dir='ltr'><strong>Domi-</strong></span> 
     </span>
     <span class='ocr_line' id='line_1_33' title="bbox 231 5270 3135 5377; baseline 0.002 -31"><span class='ocrx_word' id='word_1_247' title='bbox 231 5294 378 5347; x_wconf 89' lang='lat' dir='ltr'><strong>nos</strong></span> <span class='ocrx_word' id='word_1_248' title='bbox 415 5270 507 5346; x_wconf 90' lang='lat' dir='ltr'><strong>de</strong></span> <span class='ocrx_word' id='word_1_249' title='bbox 543 5270 822 5366; x_wconf 87' lang='lat' dir='ltr'><strong>eodem,</strong></span> <span class='ocrx_word' id='word_1_250' title='bbox 874 5272 957 5347; x_wconf 90' lang='lat' dir='ltr'><strong>fit</strong></span> <span class='ocrx_word' id='word_1_251' title='bbox 992 5280 1115 5348; x_wconf 91' lang='lat' dir='ltr'><strong>aut</strong></span> <span class='ocrx_word' id='word_1_252' title='bbox 1165 5274 1359 5348; x_wconf 89' lang='lat' dir='ltr'><strong>facta</strong></span> <span class='ocrx_word' id='word_1_253' title='bbox 1410 5274 1628 5350; x_wconf 89' lang='lat' dir='ltr'><strong>fuerit</strong></span> <span class='ocrx_word' id='word_1_254' title='bbox 1680 5278 2008 5353; x_wconf 84' lang='lat' dir='ltr'><strong>executio</strong></span> <span class='ocrx_word' id='word_1_255' title='bbox 2059 5290 2529 5376; x_wconf 82' lang='lat' dir='ltr'><strong>processuum</strong></span> <span class='ocrx_word' id='word_1_256' title='bbox 2583 5279 3135 5377; x_wconf 87' lang='lat' dir='ltr'><strong>praedictorum,</strong></span> 
     </span>
     <span class='ocr_line' id='line_1_34' title="bbox 233 5392 3139 5499; baseline 0.002 -30"><span class='ocrx_word' id='word_1_257' title='bbox 233 5400 366 5470; x_wconf 85' lang='lat' dir='ltr'><strong>aut</strong></span> <span class='ocrx_word' id='word_1_258' title='bbox 418 5392 640 5469; x_wconf 88' lang='lat' dir='ltr'><strong>alicui</strong></span> <span class='ocrx_word' id='word_1_259' title='bbox 691 5394 1160 5493; x_wconf 86' lang='lat' dir='ltr'><strong>appellationi</strong></span> <span class='ocrx_word' id='word_1_260' title='bbox 1209 5395 1534 5491; x_wconf 83' lang='lat' dir='ltr'><strong>legitime</strong></span> <span class='ocrx_word' id='word_1_261' title='bbox 1569 5396 1917 5475; x_wconf 83' lang='lat' dir='ltr'><strong>adhesum</strong></span> <span class='ocrx_word' id='word_1_262' title='bbox 1962 5400 2203 5498; x_wconf 86' lang='lat' dir='ltr'><strong>fuerit,</strong></span> <span class='ocrx_word' id='word_1_263' title='bbox 2256 5401 2570 5499; x_wconf 86' lang='lat' dir='ltr'><strong>aliquam</strong></span> <span class='ocrx_word' id='word_1_264' title='bbox 2621 5401 2818 5476; x_wconf 90' lang='lat' dir='ltr'><strong>litem</strong></span> <span class='ocrx_word' id='word_1_265' title='bbox 2866 5400 3139 5477; x_wconf 87' lang='lat' dir='ltr'><strong>eisdem</strong></span> 
     </span>
    </p>
   </div>
  </div>
 </body>
</html>
