4055 6364
2045 744 2606 823 -108-

2145 1022 2507 1125 CXXV.

871 1226 1303 1313 ssuaiitates
1370 1231 1439 1311 in
1503 1229 2150 1316 distributionibus
2204 1231 2545 1313 villarum
2619 1232 3159 1316 attendendae.
3232 1233 3439 1315 Anno
3505 1232 3800 1315 Domini

1853 1353 2058 1436 1576.
2117 1353 2244 1436 Die
2299 1354 2350 1436 5
2411 1352 2783 1439 octobris.

1076 1559 1261 1637 Cum
1332 1562 1409 1635 in
1462 1564 1830 1660 praesenti
1896 1565 2264 1659 generalis
2335 1562 2655 1662 Capituli
2727 1565 3191 1641 conclusione
3263 1588 3393 1641 seu
3465 1566 3648 1641 alias
3701 1567 3786 1641 in

866 1684 1173 1761 termino
1230 1684 1757 1761 distributionis
1809 1687 2522 1784 praestimoniorum,
2581 1694 2832 1762 exorta
2886 1688 3146 1764 fuisset
3197 1686 3548 1786 quaedam
3603 1711 3782 1762 con-

867 1807 1091 1883 tentio
1142 1806 1331 1882 inter
1384 1806 1771 1883 nonnullos
1825 1808 2294 1884 Dominorum
2350 1808 2795 1905 Confratres‚
2853 1832 3152 1907 quorum
3207 1812 3393 1885 alter
3443 1811 3618 1885 licet
3663 1834 3782 1885 se-

867 1929 990 2005 nio
1046 1938 1123 2005 et
1171 1929 1553 2005 vocatione
1605 1930 1906 2006 inferior
1958 1940 2192 2027 esset,
2264 1930 2495 2027 gradu
2550 1939 2787 2006 tamen
2845 1941 2916 2007 et
2969 1933 3503 2031 qualificatione
3554 1933 3785 2029 longe

870 2052 1221 2151 superior,
1276 2059 1525 2152 utpote
1574 2053 1650 2128 in
1706 2050 1983 2128 Ordine
2040 2055 2480 2130 sacerdotali
2533 2064 2606 2131 et
2658 2063 2823 2131 actu
2887 2064 3210 2152 cantans,
3268 2054 3545 2130 Villam
3601 2080 3772 2153 pro-

866 2182 1038 2251 tunc
1092 2182 1468 2251 vacantem
1520 2175 1615 2250 ad
1671 2199 1751 2251 se
1804 2176 2128 2272 legitime
2180 2178 2381 2253 iuxta
2434 2178 3038 2274 qualificationem
3114 2202 3315 2254 suam
3387 2179 3782 2276 pertinere,

868 2298 1011 2375 sibi
1064 2322 1220 2377 eam
1258 2297 1574 2373 conferri
1610 2305 1682 2372 et
1718 2299 2124 2398 provideri3
2179 2302 2364 2376 alter
2414 2324 2587 2376 vero
2624 2301 2892 2393 itidem,
2952 2303 3089 2376 etsi
3135 2302 3518 2377 vocatione
3556 2302 3782 2399 prior,

866 2421 1099 2517 gradu
1152 2430 1392 2496 tamen
1444 2419 1661 2495 valde
1715 2423 2094 2517 posterior,
2163 2422 2490 2499 nimirum
2545 2424 2619 2497 in
2677 2422 2982 2498 Ordine·
3009 2423 3573 2499 subdiaconatus
3628 2423 3783 2496 exi-

869 2550 1109 2637 stens,
1184 2542 1485 2618 eandem
1535 2541 1809 2617 Villam
1864 2542 2196 2619 similiter
2265 2546 2546 2620 ratione
2619 2546 2804 2621 senii
2857 2546 2968 2622 sui
3024 2546 3112 2619 ad
3173 2570 3252 2621 se
3307 2546 3782 2642 pertinentem

869 2663 1027 2741 dari
1082 2688 1237 2740 eam
1292 2665 1435 2741 sibi
1492 2672 1565 2739 et
1618 2666 1930 2740 conferri
1994 2668 2464 2764 postulabant
2517 2675 2591 2742 et
2643 2668 2855 2742 etiam
2911 2668 3478 2761 contendebant,
3551 2668 3654 2741 ita
3705 2674 3789 2743 ut

869 2810 957 2863 ea
990 2810 1112 2862 res
1166 2786 1260 2861 ad
1294 2787 1633 2862 iudicium
1690 2797 1763 2863 et
1798 2788 2240 2865 decisionem
2294 2789 2755 2865 Venerabilis
2811 2789 3130 2887 Capituli
3184 2791 3589 2865 deveniret:
3645 2791 3783 2863 ita-

868 2932 1009 3007 que
1062 2907 1473 2986 Reverendi
1525 2910 1819 2984 Domini
1874 2910 2308 3010 Capitulum,
2378 2912 2796 3010 praemissis
2851 2914 2941 2986 de
2991 2935 3192 2987 more
3246 2912 3784 2987 deliberationi-

867 3034 1006 3108 bus
1057 3033 1360 3127 mutuis,
1418 3031 1557 3107 etsi
1610 3032 1883 3107 nullum
1941 3034 2257 3132 desuper
2311 3031 2667 3111 Statutum
2742 3057 3162 3133 expressum
3219 3058 3450 3131 neque
3505 3036 3783 3108 Decre-

870 3163 1017 3231 tum
1071 3163 1196 3233 ant
1247 3155 1807 3233 declarationem
1880 3158 2105 3233 ullam
2177 3156 2508 3233 viderent
2559 3182 2862 3255 usquam
2937 3157 3327 3251 contineri,
3393 3166 3633 3232 tamen
3689 3154 3786 3230 ad

868 3302 1218 3377 praesens
1288 3280 1541 3374 vigore
1596 3278 1917 3354 eiusdem
1976 3280 2292 3378 Capituli
2358 3281 2726 3376 generalis
2799 3281 3154 3356 eiusmodi
3222 3282 3552 3355 Fratrum
3611 3302 3782 3353 con-

869 3403 1261 3478 tentionem
1334 3401 1672 3476 dirimere
1740 3428 1828 3478 ac
1900 3405 1974 3478 in
2046 3413 2412 3501 posterum
2484 3404 2751 3478 talibus
2825 3403 3011 3479 odiis
3079 3411 3151 3478 et
3203 3403 3784 3478 contentionibus

868 3525 1060 3598 viam
1114 3524 1588 3622 praecludere
1647 3525 2015 3618 volentes,
2085 3526 2529 3600 inhaerendo
2585 3523 2890 3601 Statutis
2955 3526 3476 3623 capitularibus
3531 3535 3604 3599 et
3657 3549 3781 3600 ve-

870 3647 1005 3722 teri
1040 3647 1419 3722 Ecclesiae
1471 3648 1993 3737 consuetudini,
2053 3655 2197 3721 tam
2243 3647 2332 3721 de
2372 3647 2994 3722 distributionibus
3049 3647 3508 3744 quotidianis,
3567 3671 3780 3744 quam

872 3769 1084 3845 etiam
1140 3770 1231 3844 de
1287 3771 1454 3846 aliis
1510 3770 2143 3865 extraordinariis,
2219 3793 2401 3866 quae
2459 3770 2999 3845 conclusionum
3055 3771 3501 3864 generalium
3559 3769 3781 3866 Capi-

870 3893 1202 3988 tulorum,
1260 3893 1837 3970 consolationum
1888 3917 1932 3968 a
1978 3893 2378 3967 rationibus
2416 3901 2886 3990 proventuum
2930 3894 3433 3986 communium,
3489 3917 3576 3966 ac
3615 3891 3781 3965 aliis

872 4017 1086 4092 etiam
1140 4013 1451 4092 diversis
1504 4017 1913 4092 nominibus
1965 4015 2444 4113 appellantur,
2500 4015 2875 4089 observari
2913 4015 3193 4110 solitae,
3253 4025 3324 4091 et
3360 4039 3544 4113 quae
3581 4016 3783 4088 iuxta

873 4137 1475 4235 qualificationem
1531 4139 1879 4234 cuiusque
1934 4137 2407 4212 Dominorum
2463 4144 2536 4212 et
2587 4135 2937 4231 graduum
2985 4138 3056 4210 in
3097 4138 3328 4211 sacris
3384 4135 3782 4212 Ordinibus

872 4259 1059 4334 inter
1094 4284 1174 4336 se
1229 4260 1756 4337 distinctionem
1812 4260 2147 4334 distribui
2200 4260 2456 4354 solent,
2511 4259 2793 4354 integre
2845 4259 3186 4333 videlicet
3236 4267 3314 4333 ut
3349 4259 3782 4333 refectiones

875 4379 1336 4481 Presbyteris
1390 4383 1874 4477 cantantibus,
1951 4380 2225 4456 eisdem
2279 4405 2455 4456 vero
2510 4380 2818 4455 nondum
2879 4382 3334 4455 cantantibus
3387 4389 3458 4456 et
3511 4381 3780 4454 Diaco-

876 4505 990 4580 nis
1062 4504 1463 4603 dimidiato,
1520 4530 1607 4582 ac
1661 4503 2144 4582 Subdiaconis
2198 4506 2408 4579 tertia
2481 4529 2722 4580 earum
2775 4527 2947 4600 pars
3012 4526 3104 4576 ex
3141 4525 3356 4577 more
3430 4503 3655 4576 veteri
3711 4508 3786 4576 et

878 4623 1314 4703 Statutorum
1354 4630 1826 4726 praescriptO,
1884 4627 2200 4704 conferri
2238 4636 2310 4701 et
2347 4627 2682 4701 distribui
2739 4626 3039 4700 soleant.
3096 4625 3276 4700 Item
3317 4647 3600 4721 quoque
3652 4623 3781 4697 ha·

878 4749 1135 4824 bentes
1186 4749 1260 4824 in
1318 4751 1896 4825 consideratione
1949 4751 2269 4825 Decreta
2323 4749 2749 4848 capitularia
2803 4772 2971 4844 sua,
3045 4748 3307 4844 quibus
3361 4748 3557 4821 clare
3611 4769 3782 4820 con·

878 4877 1059 4946 stat:
1135 4873 1257 4969 qui
1308 4873 1799 4970 provisionum
1854 4881 1927 4947 et
1976 4872 2474 4969 liberalitatis,
2550 4895 2732 4968 quas
2799 4869 3416 4946 Reverendissimi
3485 4869 3784 4944 Domini

875 4993 1061 5070 Loci
1116 4992 1488 5070 Ordinarii
1541 4994 2046 5070 Confratribus
2101 4995 2190 5068 de
2243 4996 2520 5090 gremio
2590 4993 2972 5069 Ecclesiae
3027 5017 3116 5068 ex
3171 4992 3474 5090 speciali
3545 4991 3784 5086 gratia

876 5117 1122 5193 facere
1178 5125 1725 5213 consueverunt,
1784 5118 1960 5192 nulli
2018 5117 2165 5208 alii,
2223 5118 2366 5193 nisi
2405 5118 2636 5214 quiin
2675 5117 2907 5192 sacris
2963 5115 3359 5192 Ordinibus
3415 5113 3782 5188 constituti

876 5248 954 5315 et
1003 5247 1169 5316 actu
1225 5247 1635 5337 cantantes,
1703 5263 2012 5339 capaces
2067 5264 2232 5315 esse
2287 5247 2593 5338 possunt
2645 5247 2717 5314 et
2770 5240 3070 5333 debent,
3145 5247 3359 5334 atque
3410 5238 3512 5312 ita
3567 5259 3780 5333 supe-

876 5363 1033 5440 rius
1084 5364 1469 5464 descriptis
1525 5363 1877 5462 exemplis
1930 5363 2430 5460 inhaerentes,
2501 5362 2692 5438 idem
2757 5385 3040 5459 quoque
3094 5369 3167 5436 et
3215 5361 3290 5436 in
3342 5359 3780 5458 optionibus,
