4055 6364
2105 778 2675 856 -160—

937 988 1217 1065 Statuta
1285 989 1775 1066 Provincialia
1839 999 1914 1066 et
1979 999 2261 1088 tempus
2322 991 2397 1064 in
2465 991 2573 1065 eis
2640 988 2729 1064 de
2796 989 3148 1066 electione
3214 990 3845 1066 Administratoris

933 1113 1458 1213 praescriptum
1511 1113 1602 1187 ad
1663 1137 1974 1209 unguem
2032 1114 2544 1210 observentur3
2602 1113 2713 1188 sin
2764 1137 2937 1189 vero
2974 1121 3181 1188 extra
3231 1114 3565 1208 Regnum
3622 1114 3841 1190 Polo-

937 1236 1141 1330 niae,
1217 1245 1386 1311 tunc
1441 1235 1786 1334 deinceps
1838 1237 2029 1311 infra
2085 1234 2333 1311 decem
2390 1235 2547 1312 dies
2602 1260 2641 1308 a
2702 1243 2899 1309 certa
2968 1237 3218 1310 notitia
3288 1236 3541 1312 mortis
3609 1237 3845 1334 ipsius

936 1357 1252 1434 defuncti
1306 1358 1658 1458 Episcopi
1710 1359 1878 1433 huic
1933 1357 2357 1434 Venerabili
2410 1355 2749 1454 Capitulo
2820 1359 3057 1452 facta,
3136 1358 3639 1457 computando,
3716 1383 3845 1456 per

935 1477 1373 1554 Venerabile
1447 1478 1856 1580 Capitulum
1931 1480 2285 1556 eiusmodi
2338 1479 2901 1555 Administrator
2958 1481 3267 1576 eligatur
3321 1490 3392 1556 et
3444 1483 3637 1556 bona
3690 1481 3843 1578 epi-

937 1603 1262 1700 scopalia
1296 1603 1368 1676 in
1410 1625 1652 1677 eornm
1711 1603 2257 1702 dispositionem
2313 1602 2769 1700 recipiantur.
2831 1602 3092 1678 Actum
3148 1601 3549 1678 Cracoviae
3584 1605 3659 1678 in
3700 1601 3840 1679 Ca-

935 1723 1163 1824 pitulo
1210 1725 1536 1820 generali
1584 1747 1716 1822 pro
1761 1724 1951 1799 festo
2008 1723 2545 1800 Purificationis
2592 1724 2943 1800 celebrari
2992 1726 3230 1801 solito.
3288 1725 3500 1802 Anno
3550 1727 3845 1801 Domini

941 1847 1332 1923 Millesimo
1387 1846 1928 1923 sexcentesimo
1983 1845 2326 1922 secundo.

2116 2167 2175 2268 C
2204 2165 2659 2268 LXXXV.
3688 2148 3723 2204 ‘⁵

941 2372 1046 2455 ne
1094 2371 1378 2456 calculo
1429 2389 1523 2452 ex
1571 2368 2218 2452 administratione
2275 2370 2623 2454 bonorum
2690 2368 3218 2472 episcopalium
3267 2366 3466 2452 Setis
3514 2369 3843 2452 vacante

1681 2509 2243 2592 possessorum,
2304 2492 2671 2596 Episcopo
2726 2491 3102 2577 faciendo.

1149 2703 1545 2801 Cupientes
1601 2702 1936 2799 querelis,
2000 2726 2185 2798 quae
2236 2705 2591 2782 interdum
2649 2707 3033 2782 occasione
3085 2706 3386 2779 rationis
3440 2705 3846 2801 calculique

943 2830 1034 2902 de
1072 2826 1689 2904 administratione
1741 2826 2090 2900 bonorum
2146 2828 2666 2926 episcopalium
2722 2827 2913 2905 Sede
2967 2834 3272 2903 vacante
3324 2827 3483 2902 fieri
3538 2849 3843 2902 consue-

942 2959 1217 3044 verunt,
1273 2950 1464 3024 viam
1502 2947 1994 3046 praecludere,
2051 2973 2180 3044 per
2214 2949 2789 3026 Illustrissimum
2836 2960 2908 3026 et
2944 2949 3650 3024 Reverendissimum
3694 2949 3845 3024 Do-

944 3076 1208 3149 minum
1247 3071 1690 3147 Bernardum
1729 3071 2235 3146 Macieiowski
2282 3073 2423 3147 Dei
2472 3076 2709 3169 gratia
2762 3074 3207 3172 Episcopum
3257 3069 3843 3163 Oracoviensem,

947 3198 1038 3273 de
1091 3197 1406 3273 unanimi
1461 3195 1815 3271 sententia
1866 3194 2455 3272 Reverendorum
2510 3199 2981 3273 Dominorum
3035 3195 3535 3270 Praelatornm
3586 3202 3659 3267 et
3708 3192 3847 3269 Ca·

943 3320 1360 3395 nonicorum
1407 3320 1481 3393 in
1531 3319 1672 3393 hoc
1717 3319 2045 3411 generali
2098 3318 2433 3415 Capitulo
2487 3328 3107 3416 congregatorum,
3162 3326 3497 3392 statutum
3548 3325 3622 3390 et
3653 3316 3847 3390 ordi-

943 3452 1188 3518 natum
1244 3449 1390 3517 est:
1449 3452 1530 3515 ut
1583 3441 2073 3537 unusquisque
2140 3441 2635 3517 Praelatorum
2695 3452 2765 3517 et
2817 3441 3369 3533 Canonicorum,
3434 3440 3848 3537 incipiendo

944 3567 1037 3640 ab
1074 3563 1677 3638 Administratore
1725 3586 1953 3658 usque
1991 3563 2086 3636 ad
2127 3564 2441 3638 ultimum
2480 3564 2942 3659 Canonicum,
2997 3564 3342 3637 rationem
3382 3570 3455 3636 et
3492 3562 3875 3635 calculum·

947 3690 1036 3765 de
1091 3686 1706 3761 administratione
1760 3686 2108 3759 bonorum
2160 3709 2289 3760 seu
2335 3685 2661 3763 Clavium
2721 3688 3239 3786 episcopalium
3287 3710 3417 3784 per
3452 3709 3611 3760 eum
3654 3682 3849 3758 Sede

946 3818 1250 3886 vacante
1307 3830 1791 3907 possesorum,
1845 3809 2085 3883 futuro
2138 3808 2511 3906 Episcopo
2565 3812 2639 3883 in
2696 3810 3003 3887 decursu
3072 3810 3281 3883 trium
3348 3808 3703 3882 mensium
3758 3808 3851 3881 ab

945 3937 1283 4030 ingressu
1334 3931 1532 4007 illius
1577 3931 1651 4003 in
1699 3930 2107 4005 Ecclesiam
2155 3933 2738 4029 etpraestitione
2790 3934 3189 4025 iuramenti,
3248 3931 3363 4006 die
3422 3953 3563 4027 quo
3614 3930 3851 4005 eidem

946 4058 1262 4132 Domino
1318 4056 1690 4154 Episcopo
1728 4053 2103 4151 placuerit,
2162 4062 2233 4129 et
2268 4063 2648 4152 postquam
2704 4056 3109 4143 Praelatus‚
3168 4052 3677 4128 Canonicusve
3735 4076 3851 4127 su—

949 4186 1080 4278 per
1121 4180 1261 4253 hoc
1307 4178 1694 4274 requisitus
1738 4176 1970 4269 fucrit,
2011 4178 2207 4252 iuxta
2258 4174 2536 4252 Statuta
2583 4176 3071 4252 Provincialia
3114 4178 3354 4251 faciat.
3414 4176 3643 4265 Quam
3698 4176 3852 4272 qui-

951 4303 1114 4377 dem
1166 4303 1514 4377 rationem
1567 4301 1755 4374 intra
1812 4298 2046 4374 dictos
2100 4308 2247 4375 tres
2303 4324 2591 4375 menses
2642 4300 2706 4375 si
2753 4301 3120 4398 praefatus
3171 4298 3853 4372 Reverendissimus

948 4428 1305 4502 Dominus
1357 4424 1772 4525 Episcopus
1826 4426 2135 4521 aliquem
2195 4446 2284 4497 ex
2337 4423 2697 4498 Praelatis
2752 4432 2825 4498 et
2876 4422 3267 4497 Canonicis
3334 4420 3581 4495 audire
3644 4442 3853 4494 recn-

952 4550 1243 4644 saverit,
1299 4549 1490 4623 idem
1540 4548 1917 4622 Praelatus
1967 4572 2054 4621 ac
2108 4546 2517 4621 Canonicus
2564 4546 2655 4620 ab
2702 4547 2903 4621 illius
2950 4544 3416 4641 praestitione
3464 4544 3654 4617 liber
3692 4544 3851 4617 erit.

951 4674 1038 4748 In
1084 4696 1223 4768 qua
1270 4670 1557 4768 quidem
1609 4671 1888 4745 ratione
1940 4677 2090 4744 tum
2138 4668 2229 4742 de
2276 4670 2660 4766 perceptis,
2720 4692 2929 4764 quam
2972 4668 3062 4743 de
3100 4667 3460 4766 expensis,
3517 4688 3852 4764 pracser-

951 4798 1075 4870 tim
1131 4818 1262 4891 pro
1317 4793 1923 4868 conseminatione
1979 4792 2433 4889 praediorum
2489 4800 2561 4865 et
2612 4792 2779 4865 aliis
2832 4791 3171 4888 expensis
3224 4789 3665 4863 necessariis
3728 4812 3855 4886 per

951 4919 1349 5013 Regentem
1407 4917 1623 4990 villae
1657 4916 1894 5009 factis,
1954 4915 2267 5010 diligens
2321 4916 2642 4990 calculus
2680 4923 2751 4989 et
2787 4914 3048 4987 solutio
3100 4912 3410 5003 illorum,
3468 4932 3653 5005 quae
3710 4910 3854 4983 Re-

952 5064 1136 5137 gens
1189 5040 1455 5115 utiliter
1508 5040 1598 5112 de
1655 5063 1784 5114 suo
1837 5040 2099 5112 iurem
2154 5038 2453 5112 Mensae
2524 5036 2963 5135 episcopalis
3018 5034 3371 5133 exposuit,
3430 5030 3665 5105 eidem
3725 5054 3855 5129 per

951 5162 1651 5239 Reverendissinmm
1708 5162 2094 5236 Dominum
2150 5161 2592 5258 Episcopum
2644 5160 2788 5233 fiat.
2846 5156 3107 5231 Actum
3160 5154 3561 5229 Cracoviae
3598 5154 3673 5227 in
3714 5152 3853 5227 Ca-

954 5286 1179 5384 pitulo
1232 5285 1555 5379 generali
1610 5307 1740 5382 pro
1776 5285 1963 5359 festo
2017 5283 2547 5358 Purificationis
2602 5280 2955 5359 celebrari
3012 5279 3248 5356 solito.
3306 5275 3517 5352 Anno
3556 5274 3855 5351 Domini

955 5408 1343 5483 Millesimo
1400 5403 1936 5485 Sexcentesimo
1993 5405 2331 5486 secunde.
