4055 6364
1434 788 2003 865 —289-

463 992 569 1057 De
632 993 1289 1076 interruptione
1348 998 1738 1060 votorum
1788 993 2050 1080 (Statut.
2086 995 2368 1075 LXXII).
2424 994 2587 1062 Olim
2637 996 2742 1080 qui
2781 997 2996 1061 contra
3041 996 3162 1061 hoc

250 1092 574 1161 statutum
625 1097 979 1182 impegerit,
1029 1098 1405 1180 puniebatur
1449 1101 1511 1162 in
1550 1100 1758 1163 media
1803 1100 1929 1164 olla
1965 1098 2112 1177 vini,
2165 1100 2243 1164 ad
2281 1118 2502 1163 manus
2553 1100 2980 1165 Procuratoris
3029 1101 3157 1166 sol-

248 1200 501 1278 venda3
568 1219 735 1266 nunc
778 1220 1075 1284 praesens
1121 1202 1413 1284 generale
1460 1200 1820 1284 Capitulum
1864 1202 2206 1285 praefatam
2255 1203 2554 1268 mulctam
2600 1203 2726 1268 vini
2774 1202 2837 1266 in
2884 1203 3160 1269 mediam

253 1320 535 1365 marcam
582 1303 884 1383 pecuniae
930 1306 1435 1372 commutandam
1482 1304 1757 1371 decrevit
1802 1324 1913 1387 pro
1959 1305 2442 1371 necessitatibus
2489 1304 2842 1372 Sacristiae.

462 1508 567 1573 De
631 1509 1176 1591 prohibenda
1236 1511 1698 1593 sepultura
1762 1512 2210 1577 extraneis
2274 1512 2344 1575 in
2388 1510 2794 1578 Ecclesia
2855 1510 3158 1579 Cathe-

248 1609 489 1675 drali
566 1611 823 1693 (Statut.
872 1612 1191 1697 LXXIV).
1270 1613 1611 1679 Contextus
1676 1614 1861 1679 huius
1907 1613 2140 1680 Statuti
2185 1632 2310 1679 non
2357 1615 2644 1681 absolute
2704 1616 3015 1699 probibet,
3083 1635 3160 1682 ne

246 1715 505 1796 praeter
568 1715 979 1800 capitulares,
1052 1718 1298 1800 possint
1342 1720 1532 1784 etiam
1576 1718 1832 1797 Vicarii,
1901 1720 2134 1800 aliique
2178 1718 2365 1783 huius
2420 1719 2736 1785 Ecclesiae
2800 1718 3157 1785 beneficiati

249 1818 637 1901 Presbyteri,
686 1820 814 1886 imo
854 1822 1044 1887 etiam
1092 1822 1377 1887 nonnulli
1422 1822 1783 1887 Saeculares
1820 1822 1885 1886 in
1924 1842 1995 1887 ea
2034 1822 2320 1905 sepeliri;
2369 1823 2483 1888 sed
2513 1822 2780 1900 ordinat,
2829 1824 2900 1889 ut
2939 1823 3159 1889 talium

246 1939 663 2007 personarum
710 1927 1069 2008 sepulturae
1117 1945 1241 1991 non
1286 1927 1407 2003 nisi
1454 1927 1532 1992 de
1576 1926 1831 1991 licentia
1876 1924 2153 2009 Capituli
2199 1927 2638 1993 concedantur.

462 2129 565 2196 De
609 2134 1077 2200 vacatione
1131 2133 1962 2219 praestimoniorum
2018 2133 2095 2198 et
2135 2134 2677 2216 lapidearum
2735 2136 2933 2218 post
2976 2154 3157 2219 pro-

246 2238 528 2298 motos
574 2235 669 2299 ad
712 2236 1305 2320 Episcopatus
1376 2236 1635 2320 (Statut.
1684 2236 2062 2321 LXXXIII).
2111 2237 2251 2301 Hoc
2297 2235 2614 2302 Statutum
2659 2239 2926 2315 enarrat,
2996 2257 3156 2322 quo-

250 2334 443 2399 modo
509 2338 931 2423 superioribus
996 2342 1299 2421 saeculiS,
1371 2344 1515 2407 ante
1583 2341 1883 2407 ducentos
1932 2360 2127 2406 annos
2189 2340 2422 2405 nemini
2479 2341 2691 2407 taliter
2733 2342 3159 2424 promotorum

246 2440 521 2505 retentio
566 2444 993 2523 praestimonii
1037 2444 1148 2510 aut
1182 2444 1465 2527 lapideae
1511 2444 1986 2523 concedebatur;
2037 2462 2330 2509 successu
2378 2448 2588 2509 tamen
2633 2444 2958 2528 temporis,
3011 2462 3158 2509 cum

250 2542 333 2606 ad
370 2544 759 2625 importunas
806 2548 1143 2613 eorundem
1190 2550 1615 2632 promotorum
1663 2568 1877 2631 preces
1923 2551 1987 2614 et
2030 2547 2360 2612 instantias
2407 2547 2773 2631 Magnatum
2840 2547 2962 2630 (uti
2999 2567 3152 2613 con-

250 2644 463 2709 iicitur
510 2666 583 2713 ex
627 2647 877 2715 Statuto
920 2651 1149 2733 LXVI)
1216 2654 1321 2717 uni
1367 2656 1476 2718 aut
1536 2652 1696 2718 forte
1746 2654 1925 2717 alteri
1983 2652 2206 2717 talium
2270 2652 2694 2734 praestitisset
2753 2652 2820 2717 id
2866 2651 3156 2719 beneficii

251 2745 637 2834 Capitulum,
685 2752 927 2836 hocque
972 2756 1033 2820 in
1074 2757 1428 2839 exemplum
1474 2755 1762 2840 Capitulo
1809 2757 2104 2822 iniurium
2141 2757 2218 2822 ab
2257 2756 2398 2820 aliis
2435 2755 2599 2820 trahi
2637 2756 2940 2838 cepisset:
2989 2756 3151 2821 Illu-

252 2853 604 2920 strissimus
664 2857 977 2940 gloriosae
1024 2862 1360 2925 memoriae
1407 2860 1709 2939 Tomicki,
1760 2861 1941 2927 Anno
1992 2858 2183 2938 1532,
2251 2858 2352 2923 die
2400 2860 2618 2941 quinta
2662 2859 2987 2925 Februarii
3032 2860 3150 2925 sub

249 2957 505 3040 tempus
562 2962 871 3043 generalis
936 2961 1231 3046 Capituli,
1298 2963 1400 3029 cui
1459 2966 1609 3029 tunc
1672 2964 1892 3048 viginti
1955 2965 2196 3047 septem
2258 2961 2650 3047 Capitulares
2711 2962 3153 3043 interfuerunt,

250 3063 670 3141 personaliter
714 3066 1097 3133 descendens
1144 3067 1224 3132 ad
1262 3066 1639 3149 Capitulum,
1692 3069 1769 3134 de
1805 3068 2083 3133 unanimi
2129 3086 2438 3132 consensu
2476 3067 2776 3146 omnium,
2828 3068 3048 3132 statuit
3091 3068 3156 3131 in

251 3166 578 3246 posterum
639 3172 938 3254 perpetuo
1005 3173 1068 3238 et
1112 3173 1174 3237 in
1221 3191 1464 3251 aevum,
1532 3171 1764 3237 nemini
1809 3172 1875 3238 id
1920 3172 2178 3238 concedi
2243 3172 2490 3251 debere,
2559 3170 2746 3252 idque
2794 3169 2909 3236 sub
2955 3189 3158 3254 poena

252 3276 915 3341 excommunicationis
960 3277 1127 3342 latae
1174 3279 1519 3342 sententiae
1553 3277 1926 3342 incurrenda
1963 3296 2078 3359 per
2114 3276 2460 3359 quemlibet
2504 3273 2959 3358 capitularium
3005 3293 3156 3339 con-

250 3375 355 3440 tra
399 3377 519 3442 hoc
566 3377 881 3444 Statutum
930 3379 1163 3463 aliqu-id
1211 3379 1735 3458 consentientem
1802 3381 2049 3462 taleque
2107 3378 2424 3444 Statutum
2487 3379 2552 3442 in
2600 3377 2939 3442 continenti
2983 3376 3154 3460 ipse-

252 3483 387 3546 met
430 3482 903 3548 Illustrissimus
969 3486 1033 3548 et
1076 3484 1307 3567 singuli
1372 3483 1819 3548 interessentes
1884 3483 2200 3566 Capitulo,
2252 3483 2438 3549 tactis
2501 3483 2705 3548 Sacris
2766 3480 3151 3565 Evangeliis,

253 3588 564 3669 corporali
609 3589 957 3652 iuramento
1004 3589 1471 3670 approbarunt,
1521 3589 1587 3653 et
1630 3588 1821 3653 simili
1864 3588 2215 3652 iuramento
2254 3588 2332 3653 ab
2370 3604 2747 3668 unoquoque
2794 3585 3149 3668 approban-

252 3690 402 3755 dum
452 3691 616 3755 circa
678 3691 776 3755 sui
840 3689 1332 3755 installationem
1397 3690 1819 3756 decreverunt.
1893 3691 2192 3755 Eiusdem
2255 3689 2491 3754 tenoris
2539 3691 2603 3754 et
2644 3687 3045 3771 obligationis
3091 3691 3154 3750 in

253 3793 641 3859 conscientia
686 3793 761 3858 de·
806 3794 925 3858 hac
967 3793 1109 3876 ipsa
1154 3794 1521 3859 retentionis
1570 3794 1795 3859 domus
1832 3795 1897 3858 et
1932 3792 2386 3876 praestimonii‚
2438 3790 2668 3858 nemini
2706 3791 2910 3856 danda
2953 3791 3150 3857 licen-

251 3898 369 3978 tia,
417 3899 724 3965 habentur
767 3898 1013 3964 Statuta
1060 3896 1316 3963 inferius
1362 3897 1713 3983 (LXXXIX
1759 3899 1821 3962 et
1869 3895 2296 3980 CLXXVIII).

463 4105 567 4169 De
633 4101 1387 4172 concurrentibus
1455 4123 1625 4169 cum
1692 4102 1998 4170 literis
2063 4100 2602 4185 apostolicis
2649 4101 2722 4164 et
2766 4099 2969 4165 Loci
3016 4099 3143 4165 Or-

254 4207 579 4274 dinarii
645 4209 730 4273 ad
797 4209 1485 4274 installationes
1550 4207 1812 4287 (Statut.
1862 4204 2238 4288 LXXXIV),
2323 4203 2658 4281 ordinans,
2725 4202 2796 4266 ut
2853 4201 3154 4267 Provisus
3239 4247 3246 4250 -

248 4315 295 4376 'a
338 4310 496 4376 Loci
540 4310 867 4377 Ordinatio
932 4293 1105 4394 prius
1162 4312 1539 4388 installetur,
1593 4327 1780 4393 quam
1831 4309 2126 4374 Provisus
2172 4306 2576 4389 apostolicus.
2653 4304 2974 4387 Simulque
3023 4303 3151 4370 dis-

254 4417 453 4498 ponit,
519 4435 597 4480 ne
642 4415 1101 4480 installationes
1165 4433 1465 4480 novorum
1534 4411 1988 4478 canonicorum
2055 4410 2228 4488 fiant,
2293 4409 2414 4473 nisi
2467 4410 2612 4490 post
2657 4410 3046 4492 sepulturam
3091 4413 3157 4474 et

256 4518 549 4601 exequias
595 4518 894 4583 defuncti.
971 4518 1372 4600 Sepulturam
1421 4518 1627 4582 autem
1676 4517 1811 4580 fieri
1854 4515 2032 4580 iubet
2077 4513 2225 4598 (nisi
2272 4511 2420 4595 quid
2468 4511 2704 4596 obstet)
2770 4511 2833 4575 in
2883 4511 3157 4594 quinque

255 4623 479 4688 diebus
526 4642 562 4686 a
607 4624 807 4689 morte
854 4621 1171 4700 defuncti3
1248 4621 1413 4685 diem
1460 4621 1669 4685 tamen
1718 4619 1937 4684 mortis
2000 4617 2066 4682 in
2113 4617 2386 4699 quinque
2431 4615 2746 4696 praefatas
2811 4634 2936 4680 non
2982 4633 3152 4680 com·

253 4726 558 4808 putando.

463 4934 568 5001 De
615 4930 1220 5018 proditoribus
1268 4932 1810 4996 secretorum
1858 4929 2118 5015 (Statut.
2163 4925 2380 5011 CVII).
2428 4926 2601 4994 Talis
2649 4925 2928 5009 proditor
2973 4926 3024 4990 si
3073 4924 3158 4991 sit

258 5039 543 5104 notorius
590 5039 653 5102 et
696 5038 880 5121 plane
919 5037 1262 5118 convictus,
1315 5036 1504 5102 debet
1537 5035 1704 5100 ultra
1741 5035 1899 5100 alias
1938 5052 1973 5097 a
2009 5035 2142 5097 inre
2186 5050 2445 5114 poenas,
2493 5031 2781 5114 ingressu
2828 5029 3155 5110 capitulari

254 5141 593 5226 prohiberi,
658 5139 1101 5206 refectionibus
1151 5139 1550 5222 quotidianis,
1620 5138 2078 5216 anniversariiS,
2147 5136 2360 5213 domo,
2416 5133 2860 5216 praestimonio
2909 5135 2972 5198 et
3016 5133 3153 5217 qui-

256 5246 473 5312 busvis
516 5245 836 5312 Ecclesiae
885 5243 1322 5310 emolumentis
1369 5242 1616 5324 privari.
1670 5241 1731 5306 Si
1771 5259 1915 5305 vero
1954 5241 2197 5304 tantum
2242 5239 2411 5304 fama
2444 5236 2695 5320 publica
2731 5235 2796 5300 et
2829 5253 3152 5319 praesum-

257 5351 505 5434 ptiones
549 5349 730 5415 illum
776 5349 1088 5423 accusent,
1137 5346 1324 5412 debet
1368 5366 1435 5412 se
1483 5345 1858 5423 mettertius,
1909 5344 2027 5408 hoc
2077 5345 2174 5408 est
2237 5359 2379 5405 cum
2427 5340 2673 5406 duobus
2710 5337 3152 5506 gpnfratribus
