4055 6364
1384 777 1475 788 —
1589 732 1949 809 269—-

214 924 697 989 Praeterea
741 921 1462 1006 quotiescunque.
1514 921 1700 1006 (Stat.
1748 920 2074 1005 XXXIX).

426 1028 609 1111 Item,
650 1027 917 1093 obeunte
957 1025 1242 1092 Praelato
1280 1025 1380 1093 vel
1409 1025 1746 1107 Canonico,
1786 1044 2004 1093 omnes
2036 1022 2308 1091 Praelati
2335 1022 2399 1087 et
2425 1018 2745 1097 Canonici,
2788 1016 2898 1100 qui
2932 1033 3112 1100 prae-

210 1133 431 1197 sentes
478 1127 813 1197 Cracoviae
856 1129 1127 1209 fuerint,
1192 1150 1320 1197 una
1364 1150 1506 1197 cum
1552 1131 1805 1199 vicariis
1864 1130 2196 1197 teneantur
2242 1123 2568 1193 sinceriter
2611 1121 2835 1187 adesse
2877 1118 3110 1199 funeri,

210 1236 281 1299 et
324 1234 391 1299 in
437 1235 625 1300 domo
672 1232 969 1313 defuncti,
1021 1235 1131 1300 aut
1174 1235 1461 1313 ecclesia,
1514 1234 1781 1320 vigilias
1827 1253 2052 1300 novem
2095 1230 2488 1308 Lectionum,
2539 1227 2604 1291 in
2650 1224 2920 1292 crastino
2966 1241 3113 1317 vero

206 1339 282 1403 in
324 1338 611 1405 Ecclesia
673 1338 936 1404 Missam
1003 1339 1438 1405 defunctorum
1502 1342 1833 1405 teneantur
1896 1336 2248 1414 decantare,
2318 1335 2383 1399 et
2426 1330 2692 1415 quilibet
2736 1347 2859 1395 non
2905 1326 3115 1393 minus

208 1442 491 1507 medium
538 1460 828 1526 grossum
876 1442 1115 1520 offerre,
1160 1444 1223 1508 et
1268 1462 1493 1527 corpus
1541 1445 1899 1527 sepulturae
1947 1440 2264 1508 mandare.
2289 1438 2372 1503 Et
2417 1435 2683 1527 quilibet
2724 1432 2886 1499 infra
2930 1449 3112 1497 men·

208 1564 351 1611 sem
396 1548 525 1611 tres
571 1545 805 1611 Missas
868 1548 1154 1611 teneatur
1216 1566 1328 1629 pro
1394 1548 1603 1614 anima
1649 1548 1923 1615 defuncti
1990 1544 2262 1630 explere,
2333 1541 2560 1625 quibus
2620 1541 2876 1631 tempus
2917 1534 3117 1633 currit

207 1667 251 1713 a
282 1649 384 1715 die
413 1649 731 1727 scientiae,
784 1651 901 1715 sub
948 1668 1149 1733 poena
1194 1652 1854 1719 excommunicationis
1900 1654 2037 1737 ipso
2084 1649 2272 1717 facto.
2322 1648 2504 1726 Item,
2556 1663 2666 1728 pro
2713 1639 3114 1709 solemnitate

208 1752 572 1836 sepulturae
618 1753 805 1820 debet
848 1754 969 1820 emi
1017 1754 1094 1820 de
1142 1757 1477 1835 communi,
1529 1757 1582 1822 si
1629 1756 1706 1824 de
1751 1756 1991 1839 privato
2053 1753 2322 1819 facultas
2369 1750 2566 1841 desit,
2607 1745 2906 1814 solemnis
2951 1762 3109 1829 pan·

206 1876 333 1923 nus
382 1857 655 1922 sericeas
702 1858 765 1923 et
808 1877 917 1923 sex
959 1857 1311 1924 luminaria.
1382 1860 1563 1941 Item,
1614 1861 1783 1945 quod
1847 1858 2157 1925 ordinatio
2223 1854 2500 1922 defuncti
2544 1853 2606 1917 in
2657 1850 2944 1934 omnibus
2989 1848 3111 1914 im-

206 1962 481 2045 pleatur,
532 1962 584 2026 si
629 1963 897 2055 testatus
958 1962 1247 2028 decessit.
1316 1963 1551 2045 Quodsi
1616 1966 1949 2029 intestatus
1973 2010 1990 2041 ,
2061 1961 2496 2045 procuratores
2553 1954 2826 2040 Capituli
2883 1951 3117 2017 facient

207 2067 291 2132 de
334 2066 525 2131 rebus
572 2066 703 2131 suis
751 2066 1187 2145 inventarium,
1240 2071 1304 2133 et
1349 2069 1520 2134 iuxta
1564 2068 1839 2151 Capituli
1897 2066 2208 2152 generalis
2254 2060 2753 2137 instructionem,
2804 2057 2881 2123 de
2927 2055 3114 2121 rebus

207 2173 347 2235 suis
396 2170 749 2253 disponent.
804 2170 1113 2254 Raptores
1161 2172 1465 2237 bonorum
1514 2172 1813 2252 defuncti,
1854 2190 2053 2255 usque
2091 2169 2172 2234 ad
2208 2165 2702 2233 satisfactionem
2736 2159 3106 2245 plenariam,

205 2274 844 2340 excommunicentur.
917 2275 1095 2354 Item,
1166 2276 1231 2339 in
1271 2276 1537 2361 siugulis
1600 2277 1845 2343 actibus
1902 2274 2365 2341 fraternitatum
2411 2266 2851 2353 capitularium
2898 2262 3112 2329 vicarii

204 2377 605 2444 canonicales
650 2380 981 2444 teneantur
1028 2399 1166 2446 esse
1194 2383 1580 2465 praesentes,
1632 2380 1748 2447 sub
1798 2398 1998 2464 poena
2025 2374 2684 2445 excommunicationis
2730 2370 2869 2453 ipso
2897 2369 3106 2433 facto.

204 2568 313 2633 Et
377 2568 695 2651 primo,
748 2569 939 2651 quia
1004 2570 1232 2635 alias
1299 2574 1717 2637 statutum
1776 2574 1929 2637 est.
1984 2570 2174 2652 (Stat.
2221 2566 2382 2649 XL).

421 2671 742 2755 Expeditis
791 2674 1191 2739 servitoribus
1225 2677 1289 2740 et
1316 2677 1725 2743 creditoribus
1771 2676 1981 2741 fratris
2021 2672 2252 2739 mortui
2289 2668 2594 2752 intestati,
2642 2668 2708 2733 et
2743 2664 2906 2743 aliis,
2947 2678 3109 2746 quae

206 2776 581 2861 capitularis
646 2777 955 2842 ordinatio
1003 2778 1315 2844 censuerit
1376 2781 1782 2863 expedienda,
1850 2778 2252 2845 residuitates
2319 2792 2538 2841 omnes
2603 2773 2668 2837 et
2728 2761 3114 2866 remanentia

208 2902 292 2947 ex
337 2880 593 2965 praedio
630 2880 815 2945 villae
845 2880 1394 2965 praestimonialiS,
1428 2902 1591 2949 anno
1620 2884 1879 2968 gratiae,
1912 2884 2058 2947 taxa
2086 2882 2332 2959 domus,
2381 2879 2446 2943 et
2491 2877 2752 2943 aliarum
2797 2890 3007 2939 rerum
3051 2871 3116 2936 et

212 2985 527 3050 bonorum
574 2984 1011 3049 derelictorum
1060 3006 1171 3067 per
1213 2986 1469 3052 fratrem
1518 2988 1907 3065 defunctum,
1958 2987 2023 3052 in
2072 2982 2564 3051 anniversarium
2615 2997 2799 3044 suum
2844 2974 3114 3041 fideliter

205 3107 325 3175 per
369 3090 838 3172 procuratorem
886 3088 1157 3171 Capituli
1208 3092 1665 3157 convertantur.
1716 3092 1799 3157 Et
1836 3093 1889 3157 si
1926 3091 2202 3176 poterint
2234 3089 2369 3154 fieri
2415 3086 2654 3169 aliquot
2698 3100 2966 3160 marcae,
3019 3078 3112 3142 sin

202 3195 422 3260 minus
468 3193 693 3259 saltem
739 3212 882 3273 una,
932 3213 1045 3276 pro
1081 3195 1360 3277 pecuniis
1410 3197 1723 3262 derelictis
1771 3199 2188 3279 comparetur,
2243 3193 2577 3261 uonminus
2626 3187 2895 3254 sedecim
2944 3202 3113 3250 mar-

207 3298 307 3363 cis
356 3298 863 3380 comparandam.
915 3297 992 3362 In
1030 3299 1348 3382 exigendis
1398 3300 1675 3381 pecuniis
1723 3302 2161 3384 procuratores
2221 3296 2612 3381 diligentiam
2660 3311 2836 3357 suam
2886 3305 3110 3371 opero·
3155 3329 3164 3338 ·

208 3420 352 3467 sam
424 3401 625 3466 facere
688 3401 1085 3480 tenebuntur,
1154 3402 1647 3468 anniversarium
1708 3403 1918 3469 fratris
1976 3405 2039 3467 in
2108 3401 2459 3470 calendario
2526 3397 2847 3473 annotare,
2915 3395 2978 3457 et
3015 3391 3114 3456 die

206 3506 608 3590 praecedenti
656 3505 1033 3588 capitulares
1087 3509 1445 3589 praesentes
1493 3507 1571 3573 de
1625 3508 2043 3574 celebratione
2097 3504 2501 3572 anniversarii
2567 3500 2838 3567 avisare.
2931 3496 3115 3560 quta

211 3610 431 3676 autem
479 3610 893 3692 quantitatem
958 3610 1360 3675 anniversarii
1407 3612 1502 3675 tot
1558 3630 1803 3684 marcae
1860 3612 2215 3678 dividentur
2265 3611 2428 3677 inter
2475 3605 2821 3674 Canonicos
2865 3599 3116 3684 Vigiliis

208 3718 278 3780 et
324 3714 561 3780 Missae
606 3713 1077 3791 interessentes,
1147 3712 1413 3779 infirmis
1460 3717 1856 3798 computatis,
1908 3721 2062 3801 quot
2109 3717 2171 3782 in
2219 3713 2573 3783 calendario
2619 3706 3110 3776 annotabuntur.

206 3819 297 3884 Et
340 3818 772 3900 unusquisque
836 3836 946 3900 per
1009 3836 1075 3882 se
1121 3816 1386 3900 Vigilias
1437 3837 1655 3884 novem
1701 3819 2108 3902 Lectionum,
2177 3822 2242 3887 et
2283 3820 2378 3885 tot
2422 3817 2656 3882 Missas
2700 3831 2814 3894 per
2859 3828 2946 3886 se,
3017 3806 3115 3872 vel

205 3941 327 4006 per
373 3920 605 3999 alium,
668 3920 829 3985 infra
876 3920 1229 4005 quindecim
1277 3921 1410 3986 dies
1460 3923 1704 4006 explere
1751 3925 1865 3991 sub
1914 3945 2114 4009 poena
2158 3921 2444 3990 mortalis
2489 3915 2729 4003 peccati
2773 3911 3109 3986 tenebitur,

210 4029 373 4113 quot
427 4046 672 4094 marcas
718 4028 782 4092 in
829 4029 1252 4095 anniversario
1318 4028 1511 4095 dividi
1556 4030 1883 4115 contingat
1924 4029 2034 4095 illo
2084 4027 2222 4106 die;
2275 4023 2665 4110 negligentes
2709 4021 2922 4084 tamen
2984 4013 3116 4098 pri-

210 4149 389 4197 mum
426 4131 818 4197 Nocturnum
863 4133 927 4195 in
963 4131 1237 4214 Vigiliis,
1300 4133 1367 4197 et
1419 4131 1613 4217 Kyrie
1660 4133 1916 4217 eleyson
1970 4133 2035 4198 in
2091 4132 2310 4209 Missa,
2361 4147 2483 4194 non
2533 4120 2997 4218 participabunt
3042 4118 3119 4183 de

211 4236 662 4318 anniversario,
712 4235 778 4300 et
820 4235 1149 4302 restituere
1195 4237 1531 4301 teneantur
1578 4237 1741 4302 male
1786 4235 2101 4321 percepta.

209 4425 530 4492 Nullus
577 4428 1095 4510 procurator
1140 4446 1291 4492 uec
1335 4428 1608 4510 ipsum
1657 4425 2152 4512 Capitulum
2199 4425 2382 4511 (Stat.
2433 4422 2627 4505 XLI).

429 4530 737 4595 Pecuniae
781 4529 1341 4596 anniversariorum
1407 4549 1532 4596 non
1579 4531 1827 4609 debent,
1879 4549 2081 4613 neque
2145 4529 2407 4615 possunt
2471 4546 2544 4591 ex
2590 4538 2961 4610 quacunque
3005 4537 3119 4584 ne·

214 4632 535 4713 cessitate,
586 4634 773 4700 etiam
822 4635 875 4698 si
920 4633 1322 4717 interponant
1366 4634 1647 4719 pignora,
1698 4636 1763 4700 in
1809 4634 1999 4700 alium
2048 4653 2231 4699 usum
2278 4631 2520 4716 exponi.
2579 4629 2663 4695 Et
2697 4627 2753 4694 si
2789 4623 3114 4700 creverint,

218 4737 415 4803 debet
457 4755 679 4802 census
725 4739 1091 4820 perpetuae,
1142 4737 1206 4802 in
1254 4737 1745 4828 anniversarium
1789 4738 2058 4804 fratrum
2109 4734 2584 4814 convertendus,
2634 4750 2748 4816 pro
2785 4729 2913 4796 illis
2944 4745 3117 4793 com·

215 4841 465 4924 parari3
513 4843 811 4924 pecuniae
857 4841 1033 4923 ipsae
1079 4842 1196 4906 sub
1240 4841 1441 4907 tribus
1470 4842 1749 4908 clavibus
1780 4840 2330 4908 conservabuntur.
2378 4837 2582 4905 Unam
2629 4832 2868 4902 tenebit
2912 4829 3123 4898 senior

214 4945 547 5010 Praelatus
589 4945 690 5010 vel
736 4942 1108 5022 Canonicus,
1159 4945 1383 5010 biduas
1428 4947 1859 5028 procuratores
1906 4943 2202 5026 Capituli.

212 5116 475 5183 Facta
523 5116 1177 5182 distributione.
1228 5117 1414 5202 (Stat.
1464 5117 1693 5200 XLll).
2651 5161 2658 5166 -

424 5221 520 5286 De
567 5221 846 5304 pecuniis
892 5220 1297 5286 anniversarii
1343 5221 1659 5287 dabuntur
1703 5219 2051 5288 scolaribus
2117 5219 2386 5303 vigilias
2449 5218 2514 5284 et
2557 5217 2821 5283 Missam
2889 5231 3117 5279 canen·

211 5326 406 5400 tibus,
456 5327 597 5390 octo
644 5323 869 5409 grossi,
920 5325 1158 5389 cantori
1206 5324 1385 5389 chori
1432 5343 1614 5405 unus,
1664 5324 2014 5392 rectoribus
2075 5323 2140 5390 in
2189 5321 2437 5408 Vigiliis
2485 5323 2549 5388 et
2584 5322 2656 5386 in
2701 5318 2903 5385 Missa
2942 5317 3118 5390 vica÷
