4055 6364
2122 721 2687 800 -1'70-

2262 1001 2536 1103 ffCCn

963 1203 1339 1294 Quomodo
1397 1205 1578 1292 sunt
1632 1140 1966 1310 puniendi
2024 1211 2117 1308 ΙιΙ,
2175 1211 2293 1312 qu!
2350 1209 2653 1310 nenena
2710 1209 3105 1292 Ecclesiae
3154 1209 3238 1290 et
3276 1205 3590 1309 capituli
3648 1208 3869 1314 negli—
4000 1257 4002 1264 ·

1405 1332 1608 1431 flunt.
1666 1330 1874 1415 Anno
1933 1331 2147 1414 1605.
2208 1332 2336 1414 nie
2392 1332 2734 1430 mercurii
2792 1333 2839 1413 ΙΙ
2900 1332 3183 1415 mensis
3239 1329 3427 1410 mail.

1167 1541 1848 1618 Animadvertentes
1921 1542 2331 1618 Reve1end1
2408 1543 2700 1618 Domini
2776 1541 3253 1641 suprascripti
3318 1542 3585 1617 multas
3636 1543 3867 1638 negli-

959 1666 1246 1762 gentias
1311 1689 1444 1762 per
1497 1664 1881 1740 nonnullos
1935 1689 2026 1738 ex
2080 1665 2420 1762 Capitulo
2494 1666 2915 1763 deputatos,
2972 1665 3046 1738 in
3100 1664 3414 1758 negotiis
3486 1663 3869 1738 Ecclesiae

961 1796 1034 1863 et
1099 1789 1213 1864 sui
1277 1785 1596 1884 Capituli
1669 1786 2022 1861 obeundis
2096 1788 2477 1880 committi,
2535 1797 2607 1861 et
2662 1788 2921 1861 exinde
2998 1809 3335 1880 magnum
3409 1787 3745 1862 damnum
3802 1796 3871 1862 ct

963 1910 1460 1984 detrimentum
1535 1909 1798 1983 dictam
1869 1908 2283 1983 Ecclesiam
2340 1919 2411 1982 et
2464 1907 2873 2006 Capitulum
2950 1909 3140 2005 pati3
3232 1932 3453 2005 quare
3522 1933 3612 1984 ne
3666 1908 3743 1984 id
3798 1911 3868 1983 in

963 2040 1328 2130 posterum
1387 2031 1887 2124 committatur,
1961 2031 2037 2104 in
2093 2032 2463 2129 praesenti
2536 2029 2875 2128 Capitulo
2952 2030 3283 2126 generali
3352 2033 3869 2106 occurrendum

965 2162 1411 2253 putaverunt,
1471 2153 1950 2227 concordibus
2005 2154 2375 2247 suffrag-iis
2430 2160 2864 2228 statuentes:
2926 2161 3002 2226 ut
3059 2153 3465 2248 quicunque
3522 2153 3864 2227 Domino-

963 2301 1118 2352 rum
1172 2278 1696 2374 Deputatorum
1755 2283 2088 2373 repertus
2142 2276 2359 2350 fuerit
2413 2276 2705 2371 negotia
2757 2274 3136 2349 Ecclesiae
3190 2274 3403 2349 huius
3454 2284 3527 2350 et
3572 2277 3683 2350 sui
3730 2273 3865 2348 Ca-

963 2399 1174 2498 pituli
1226 2399 1682 2493 negligenter
1753 2397 1996 2492 obire,
2067 2421 2305 2495 poena
2357 2398 2785 2494 privationis
2854 2397 3319 2472 refectionum
3388 2397 3599 2472 unius
3650 2397 3864 2493 septi-

965 2545 1220 2596 manae
1289 2519 1885 2595 irremissibiliter
1955 2521 2313 2618 puniatur,
2388 2543 2611 2594 causa
2682 2527 2919 2594 tamen
2991 2520 3193 2617 prius
3263 2543 3396 2617 per
3459 2517 3867 2616 Capitulum

967 2643 1301 2740 cognita3
1357 2643 1549 2740 quod
1587 2641 1980 2716 Decretum
2032 2642 2193 2739 ipse
2247 2642 2639 2722 Dominusae
2660 2642 3093 2716 Procurator
3134 2641 3599 2716 Venerabilis
3652 2639 3863 2738 Capi-

969 2766 1100 2840 tuli
1155 2767 1290 2840 sub
1345 2789 1565 2863 supra
1619 2765 1892 2861 scripta
1943 2787 2211 2861 poena,
2268 2764 2425 2839 sine
2481 2765 2737 2861 quavis
2790 2787 2992 2839 mora
3047 2770 3118 2837 et
3172 2765 3657 2857 excusatione,
3716 2761 3862 2837 nul-

969 2886 1184 2984 loque
1238 2894 1575 2985 respectu
1625 2885 1896 2981 habito,
1951 2887 2213 2983 exequi
2269 2887 2403 2961 erit
2456 2887 2864 2962 obstrictus.

2293 3198 2575 3301 CCIII.

974 3399 1282 3490 ssuando
1339 3408 1695 3488 summum
1765 3404 2081 3487 Sacrum
2148 3405 2680 3507 pontificaliter
2750 3404 3212 3506 eeiebratur‚
3284 3407 3589 3488 matura
3642 3406 3868 3488 missa

979 3526 1438 3687 celebranda
1486 3528 1613 3612 est
1665 3548 1801 3629 per
1848 3549 2011 3610 eum
2062 3527 2526 3626 canonicum,
2572 3548 2786 3630 quem
2842 3527 3309 3610 hebdomada
3355 3529 3621 3628 tanqu„
3669 3528 3867 3609 Αιιιιο

1879 3648 2097 3731 1605.
2158 3649 2284 3731 Die
2344 3652 2391 3731 ΙΙ
2450 3650 2730 3734 mensis
2789 3650 2981 3732 maii.

1183 3860 1468 3935 Placuit
1537 3859 1990 3935 Reverendis
2062 3860 2395 3935 Dominis
2468 3862 2916 3936 uniformiter
2966 3862 3041 3938 id
3097 3862 3730 3955 concludentibus,
3801 3868 3871 3935 ut

973 3983 1278 4081 quilibet
1350 3983 1732 4057 Praelatus
1787 3992 1860 4057 et
1913 3980 2327 4057 Canonicus
2398 3982 2611 4057 huius
2685 3983 3105 4079 Ecclesiae,
3181 4008 3390 4081 quem
3464 4008 3559 4057 ex
3628 3985 3867 4057 ordine

977 4106 1378 4203 septimana
1432 4106 1837 4195 concernit,
1913 4104 2079 4179 dum
2136 4113 2207 4177 et
2261 4106 2548 4201 quando
2621 4102 3173 4180 sacrosanctum
3244 4107 3521 4181 Missae
3588 4103 3867 4181 Sacrifi-

978 4228 1163 4303 cium
1239 4226 1746 4325 pontificaliter
1795 4230 1868 4300 in
1924 4227 2173 4301 Festis
2245 4228 2637 4302 maioribus
2692 4238 2763 4302 et
2814 4229 3347 4303 solennioribus
3398 4230 3473 4301 in
3528 4230 3667 4303 hac
3732 4230 3864 4303 Ec-

979 4350 1206 4423 clesia
1242 4348 1666 4443 celebratur,
1725 4348 2025 4424 Missam
2078 4350 2339 4423 dictam
2394 4348 2681 4424 Matura
2718 4372 2846 4446 per
2883 4358 3110 4425 semet
3142 4352 3401 4448 ipsum,
3461 4373 3602 4425 non
3644 4359 3867 4425 autem

982 4494 1112 4569 per
1165 4494 1371 4547 suum
1423 4470 1796 4547 Vicarium
1849 4480 2109 4565 cantet,
2166 4470 2380 4566 idque
2438 4473 2573 4545 sub
2628 4494 2861 4568 poena
2912 4471 3003 4546 de
3050 4472 3303 4547 Missis
3352 4472 3867 4570 septimanatim

981 4616 1113 4691 per
1164 4593 1518 4669 Dominos
1571 4594 1853 4669 absolvi
1907 4594 2145 4669 solitis
2198 4601 2484 4668 statuta.
