4055 6364
1423 775 1538 808 .-—
1656 729 1800 807 193
1907 779 2012 790 -

1429 1023 2029 1128 ccxxxvu.
2074 958 2084 964 ⁸

283 1247 390 1327 ne
470 1244 854 1346 duplicata
931 1247 1287 1348 pensione
1361 1245 1898 1347 Deputatorum
1965 1215 2381 1332 'tribunalis
2454 1247 2713 1351 Regni,
2796 1247 3184 1332 Statutum

1141 1367 1415 1470 synodi
1471 1368 1797 1469 provino.
1852 1368 2061 1452 Anno
2121 1369 2339 1451 1643.

488 1578 668 1656 011111
708 1579 1001 1675 dignum
1039 1601 1205 1655 esse
1261 1579 1669 1678 operarium
1722 1579 2057 1654 mercede
2096 1603 2247 1672 sua,
2305 1587 2377 1655 et
2411 1581 2765 1656 neminem
2805 1581 2960 1658 suis
2996 1583 3179 1658 mili-

278 1710 436 1778 tare
483 1703 886 1801 stipendiis,
943 1701 1189 1777 divina
1242 1701 1694 1798 humanaque
1751 1702 2144 1776 decernant
2196 1703 2385 1777 iura:
2434 1703 2761 1779 Iudicum
2810 1703 2904 1778 ad
2942 1701 3185 1781 Gene-

276 1825 432 1900 rale
484 1824 724 1920 Regni
749 1824 1107 1900 Tribunal
1161 1823 1682 1921 deputatorum,
1742 1824 1862 1919 qui
1901 1824 2261 1900 Ecclesiis
2316 1825 2583 1920 utilem,
2642 1849 2784 1900 non
2841 1827 2998 1902 sine
3056 1850 3189 1902 sua

277 1947 632 2038 molestia,
685 1947 962 2041 labore,
1021 1954 1307 2044 sumptu
1359 1969 1446 2020 ac
1482 1945 1756 2020 invidia
1809 1955 2080 2020 navant
2134 1969 2449 2044 operam,
2506 1947 2817 2023 maxima
2850 1948 3187 2024 habenda

279 2078 396 2146 est
445 2070 652 2144 ratio.
709 2069 808 2144 Et
845 2070 1012 2166 quia
1048 2078 1439 2167 prorogato
1475 2067 1911 2144 Iudiciorum
1948 2069 2498 2144 Lublinensium
2534 2077 2880 2169 tempore,
2933 2079 3187 2148 auctus

276 2200 396 2268 est
447 2200 522 2267 et
573 2192 1097 2290 Deputatorum
1151 2213 1522 2284 numerus,
1598 2190 2033 2288 stipendium
2106 2191 2319 2266 etiam
2392 2193 2641 2287 augeri
2716 2195 2996 2270 censuit
3049 2191 3185 2293 Sy·-

275 2314 515 2405 nodus
569 2322 923 2414 oportere.
979 2314 1236 2410 Itaque
1269 2313 1754 2387 Illustrissimi
1808 2319 1878 2388 et
1932 2311 2549 2388 Reverendissimi
2596 2315 2889 2389 Domini
2926 2314 3181 2391 Archi-

275 2439 606 2538 episcopi
643 2447 714 2512 et
749 2437 1124 2536 Episcopi,
1183 2459 1270 2510 ac
1307 2434 1925 2510 Reverendissimi
1959 2435 2257 2509 Domini
2294 2433 2621 2510 Abbates
2668 2445 2740 2512 et
2775 2435 3186 2534 Praepositi

274 2567 702 2658 praesentes
755 2583 800 2634 a
854 2582 955 2654 se,
999 2559 1247 2634 Nuntii
1302 2581 1477 2632 vero
1521 2558 1923 2632 absentium
1980 2581 2024 2632 a
2079 2558 2232 2632 suis
2270 2558 2627 2632 Praelatis
2680 2559 3183 2656 promiserunt,

275 2682 608 2776 singulos
677 2682 1336 2757 Illustrissimorum
1391 2681 1864 2754 Dominorum
1921 2678 2656 2778 Archiepiscoporum
2731 2687 2803 2755 et
2874 2680 3183 2778 Episco-

271 2826 554 2904 porum‚
594 2802 954 2879 Abbatum
1009 2812 1081 2878 et
1135 2803 1742 2900 Praepositorum,
1800 2788 1974 2876 suae
2031 2825 2389 2899 quemque
2428 2802 2811 2878 Ecclesiae
2848 2812 2920 2879 et
2961 2804 3185 2879 Dice-

275 2928 474 3002 cesis
527 2927 916 3025 Deputato,
975 2927 1309 3002 usitatam
1363 2924 1714 3004 hactenus
1766 2925 2189 3021 pensionem
2249 2924 2772 3023 duplicaturos:
2828 2925 2893 3001 si
2945 2933 3185 3002 tamen

275 3049 761 3124 Petricoviam
817 3073 948 3147 pro
985 3049 1337 3124 electione
1375 3047 1816 3122 Marschalci
1870 3047 2335 3122 convenerint
2388 3055 2459 3122 et
2503 3048 2798 3124 Lublini
2850 3050 3187 3126 continuo

272 3173 709 3269 resederint3
766 3173 973 3268 alias,
1032 3173 1097 3249 si
1150 3171 1268 3248 die
1322 3171 1700 3247 electionis
1735 3169 2178 3247 Marschalci
2213 3168 2694 3247 Petrieoviam
2750 3196 2832 3248 se
2877 3196 3022 3248 non
3059 3173 3184 3249 sti·

287 3297 510 3372 terint
579 3304 650 3371 et
701 3296 996 3371 Lublini
1051 3298 1382 3372 continue
1436 3318 1578 3369 non
1633 3296 2059 3390 manserint,
2134 3318 2179 3369 a
2247 3295 2795 3392 participatione
2849 3294 3189 3395 stipendii

280 3418 777 3495 excludantur.

1407 3676 2058 3781 CCXXXVIII.

832 3906 937 3988 De
994 3924 1262 4006 poena.
1293 3904 1714 3989 absentium
1771 3924 1821 3987 a
1876 3904 2207 4007 generali
2264 3902 2623 4005 capitulo.

485 4115 820 4193 Andreas
873 4114 1275 4190 Trzebicki
1328 4116 1472 4190 Dei
1543 4124 1616 4189 et
1667 4113 2137 4214 Apostolicae
2192 4113 2407 4190 Sedis
2475 4115 2714 4210 gratia
2766 4072 3182 4214 Episcopus

268 4238 823 4331 cracoviensis,
881 4239 1050 4311 Dux
1106 4234 1471 4329 Severiae,
1529 4237 1920 4313 Universis
1972 4244 2045 4312 et
2098 4236 2439 4332 singulis,
2505 4258 2805 4332 quorum
2856 4237 3178 4331 interest,

271 4362 662 4463 praecipue
721 4383 896 4434 vero
942 4358 1346 4435 Admodum
1386 4360 1838 4436 Reverendis
1875 4360 2208 4436 Dominis
2244 4359 2605 4434 Praelatis
2658 4367 2732 4434 et
2767 4356 3178 4455 Canonicis,

269 4484 542 4581 totique
573 4482 995 4559 Venerabili
1023 4481 1360 4580 Capitulo
1396 4482 1775 4556 Ecclesiae
1812 4489 2103 4559 nostrae
2136 4480 2595 4556 cathedralis
2632 4479 3168 4579 Craeoviensis,

269 4630 404 4705 per
439 4613 860 4702 praesentes
889 4605 1138 4679 literas
1167 4604 1693 4699 significamus:
1735 4603 2117 4694 Quomodo
2154 4628 2393 4680 coram
2424 4604 2659 4679 Nobis
2694 4604 3174 4701 personaliter

269 4728 638 4802 constituti
714 4725 1120 4802 Admodum
1181 4725 1591 4801 Reverendi
1669 4728 1962 4801 Domini
2030 4726 2455 4803 Joachimus
2522 4724 3161 4821 Kurdwanowski,

269 4851 625 4926 Nicolaus
663 4838 1186 4923 Slowikovrski
1221 4858 1292 4923 et
1328 4848 1380 4923 J
1383 4872 1656 4926 oannes
1692 4848 2185 4943 Markiewicz,
2229 4846 2583 4924 Canonici
2634 4846 3180 4925 Cracovienses

269 4974 426 5049 suis
479 4996 564 5047 ac
617 4972 834 5047 totius
887 4969 1350 5046 Venerabilis
1406 4972 1722 5070 Capituli
1775 4972 2247 5069 suprascripti
2301 4972 2707 5047 nominibus
2761 4970 3171 5047 obtulerunt

266 5098 342 5171 in
382 5095 654 5191 scripto
691 5091 1044 5167 Statutum
1083 5094 1500 5192 capitulare,
1541 5095 1613 5168 in
1649 5095 1976 5190 generali
2013 5092 2352 5192 Capitulo
2389 5094 2783 5191 praedicto,
2832 5093 2906 5167 in
2946 5091 3173 5169 Festo

267 5217 804 5295 Purificationis
859 5216 1130 5291 Beatae
1184 5217 1461 5291 Mariae
1512 5216 1844 5312 Virginis
1897 5217 2223 5314 proxime
2276 5216 2666 5313 praeterito
2740 5222 2812 5290 et
2867 5237 3172 5311 sequen-

267 5342 463 5417 tibus
518 5340 771 5415 diebus
807 5338 1211 5415 Cracoviae
1247 5341 1634 5436 celebrato,
1685 5338 2057 5415 conditum·
2102 5338 2375 5413 tenoris
2427 5338 2815 5435 sequentis.
2877 5336 3172 5413 Domini

1807 5462 1816 5479 ⁶
2774 5456 2860 5522 25
