4055 6364
2114 797 2683 874 —196—

945 1008 1278 1108 privatim
1331 1007 1664 1105 accipere
1739 1005 1958 1108 (quod
2013 1006 2221 1082 Deus
2274 1003 2579 1108 avertat)
2654 1007 3055 1104 contigerit,
3128 1007 3383 1100 vigore
3445 1004 3853 1104 praesentis

917 1128 1206 1206 statuti
1255 1129 1329 1204 in
1366 1129 1813 1206 restitutione
1853 1129 2089 1228 dupli,
2147 1138 2481 1227 quantum
2536 1129 2708 1205 illos
2744 1130 3121 1227 accepisse
3175 1128 3597 1220 constiterit,
3656 1136 3852 1202 tene·

946 1255 1210 1331 buntur
1263 1261 1334 1328 et
1384 1253 1461 1326 in
1513 1250 2066 1351 participatione
2118 1252 2585 1328 refectionum
2640 1249 2775 1352 per-
2824 1275 2953 1328 sex
3007 1273 3294 1326 menses
3349 1250 3849 1348 privabuntur.

2231 1581 2553 1684 CCXL.

949 1773 1333 1858 statutum
1393 1773 1485 1856 de
1541 1774 1802 1855 Mense
1873 1771 2288 1855 Amicorum
2364 1771 2736 1872 abolitum,
2811 1773 2895 1853 et
2950 1791 3206 1854 novum
3262 1791 3499 1872 super
3561 1769 3853 1852 duabus

951 1896 1399 1997 septimanis
1455 1895 1826 1978 conditum
1885 1896 1969 1976 et
2023 1894 2543 1998 approbatum.
2599 1895 2807 1977 Anno
2863 1892 3077 1976 1689.
3137 1894 3266 1976 Die
3305 1892 3411 1975 26
3450 1891 3849 1974 Februarii.

1158 2104 1339 2182 Cum
1394 2129 1572 2181 usus
1629 2114 1699 2180 et
1751 2106 2211 2181 observantia
2281 2104 2543 2182 Statuti
2598 2107 2688 2181 de
2742 2106 2998 2180 Mense
3052 2105 3465 2181 Amicorum
3522 2104 3616 2178 sit
3668 2102 3845 2176 mul-

947 2236 1094 2304 tum
1133 2229 1522 2326 perplexus
1577 2236 1648 2303 et
1684 2227 2022 2322 difficilis,
2082 2221 2521 2325 aliorumque
2575 2229 2648 2302 in
2696 2232 2833 2302 hac
2875 2227 3261 2301 Provincia
3316 2225 3851 2302 Cathedralium

949 2349 1440 2448 Capitulorum
1495 2351 1802 2445 iuribus,
1876 2351 2283 2448 privilegiis
2338 2359 2408 2426 et
2461 2351 3023 2448 praerogativis,
3081 2347 3379 2423 indultis
3448 2371 3731 2444 quoque
3786 2353 3852 2419 et

949 2471 1583 2579 consuetudinibus
1655 2496 1906 2570 parum
1961 2475 2395 2570 conformis3
2470 2473 2635 2548 ideo
2698 2472 3175 2549 concordibus
3250 2470 3616 2566 suffragiis
3686 2491 3847 2542 con·

950 2594 1274 2674 elusione
1345 2592 1495 2667 lata
1563 2602 1634 2667 et
1690 2595 2056 2691 perpetuis
2127 2595 2387 2670 futuris
2458 2596 2901 2692 temporibus
2968 2594 3115 2670 vim
3170 2589 3433 2668 Statuti
3502 2592 3845 2683 habitura,

949 2715 1222 2814 placuit
1271 2714 1926 2791 Reverendissimis
1981 2717 2317 2790 Dominis
2369 2717 2443 2791 in
2480 2718 2621 2792 hoc
2673 2717 3001 2811 generali
3056 2714 3397 2812 Capitulo
3452 2737 3845 2808 congrega-

912 2838 1046 2912 -tis
1096 2836 1238 2912 hoc
1281 2845 1919 2934 temperamentum
1977 2847 2051 2912 et
2082 2839 2395 2914 faciliori
2447 2841 2609 2915 usui
2664 2839 3203 2914 accommodata
3256 2837 3695 2912 moderatio:
3752 2835 3849 2909 Ut

955 2958 1258 3055 quilibet
1309 2958 1690 3034 Praelatus
1745 2983 1874 3046 seu
1927 2959 2343 3036 Canonicus
2406 2961 2788 3036 Ecclesiae
2850 2961 3064 3035 huius
3118 2958 3659 3052 Cracoviensis,
3730 2957 3847 3030 ille

953 3080 1320 3175 duntaxat,
1395 3082 1518 3178 qui
1567 3104 1711 3156 uno
1767 3084 2099 3158 semestri
2152 3107 2279 3157 seu
2336 3083 2671 3157 continuo
2728 3106 2856 3158 seu
2911 3081 3363 3156 discontiuuo
3419 3091 3493 3154 et
3542 3082 3846 3176 interpo-

952 3201 1124 3298 lato,
1184 3211 1592 3301 computato
1647 3214 1886 3278 tamen
1922 3206 2123 3279 iuxta
2160 3228 2443 3280 cursum
2500 3206 2833 3301 solarem,
2892 3206 3185 3279 scilicet.
3222 3228 3265 3277 a
3302 3205 3535 3302 prima
3586 3202 3846 3277 Janua-

952 3325 1045 3400 rii
1079 3325 1174 3400 ad
1209 3326 1528 3401 ultimam
1583 3328 2030 3422 Decembris,
2085 3352 2309 3424 penes
2362 3327 2767 3402 Ecclesiam
2823 3327 3285 3402 residentiam
3340 3350 3470 3400 seu
3506 3326 3693 3399 intra
3728 3345 3847 3397 seu

925 3454 1166 3521 'extra
1218 3446 1644 3523 Vindemias
1696 3450 1969 3543 fecerit,
2025 3451 2251 3548 petita
2304 3458 2377 3525 et
2410 3458 2711 3548 accepta
2765 3475 2807 3523 a
2860 3449 3495 3524 Reverendissimo
3556 3448 3847 3521 Decauo

961 3569 1118 3645 sivo
1171 3578 1474 3667 protunc
1527 3569 2000 3645 Praesidente
2063 3572 2139 3645 in
2196 3570 2531 3669 capitulo
2588 3572 2951 3646 ordinario
3004 3572 3317 3667 licentia,
3375 3570 3612 3669 possit
3661 3570 3847 3643 licite

923 3715 1115 3766 ‚cum
1165 3692 1576 3790 praesentia
1623 3693 1857 3790 quoad
1914 3694 2345 3767 refectiones
2408 3702 2478 3767 ct
2524 3694 2709 3768 alias
2763 3716 3011 3768 omnes
3067 3694 3541 3768 obventiones
3594 3692 3844 3765 abesse

955 3814 1050 3888 ab
1086 3809 1426 3889 Ecclesia
1477 3839 1610 3913 per
1665 3814 1846 3890 duas
1900 3816 2340 3914 septimanas
2394 3839 2522 3891 seu
2567 3817 2889 3911 integras
2944 3838 3071 3890 scu
3128 3816 3588 3912 interruptas,
3646 3836 3845 3910 quas-

958 3958 1238 4031 cunque
1290 3937 1432 4009 sibi
1483 3938 1562 4010 in
1612 3960 1802 4011 anno
1859 3938 2131 4032 eligere
2188 3939 2417 4011 visum
2472 3938 2713 4029 fuerit,
2793 3938 3116 4035 exceptis
3184 3937 3429 4011 Festis
3494 3935 3841 4010 solennio-

955 4060 1178 4153 ribus,
1251 4066 1494 4156 utpote
1549 4058 1988 4149 Nativitatis‚
2057 4060 2661 4154 Resurrectionis‚
2734 4042 3211 4135 Pentecostes
3266 4067 3338 4133 et
3386 4056 3519 4133 SS.
3578 4058 3842 4154 Corpo-

957 4182 1060 4257 ris
1114 4179 1387 4255 Christi
1441 4204 1600 4256 cum
1639 4168 1940 4272 Octava,
2000 4180 2357 4280 Capitulis
2407 4205 2688 4278 quoque
2734 4182 3217 4278 generalibus3
3276 4204 3363 4255 eo
3398 4181 3847 4256 nihilominus

957 4310 1252 4396 attent0‚
1325 4326 1417 4375 ne
1467 4303 1814 4400 pluribus,
1873 4304 2013 4377 nisi
2067 4304 2347 4379 duobus
2401 4305 2516 4377 vel
2571 4305 2665 4379 ad
2722 4326 3072 4377 summum
3117 4305 3348 4378 tribus
3400 4326 3536 4401 pro
3592 4324 3731 4379 uno
3784 4310 3847 4373 et

960 4422 1212 4499 eodem
1267 4430 1587 4521 tempore
1642 4425 1993 4500 eiusmodi
2048 4427 2418 4501 absentiae
2472 4426 2781 4500 facultas
2836 4426 3301 4520 concedatur,
3377 4449 3467 4500 ne
3522 4423 3847 4499 Ecclesia

962 4546 1086 4619 sui·
1131 4545 1354 4619 debiti
1408 4545 1643 4621 cultus
1714 4547 2090 4622 ministerii
2154 4558 2226 4623 et
2278 4550 2677 4623 ornamenti
2747 4548 3283 4625 diminutionem
3353 4556 3425 4622 et
3478 4548 3844 4623 detrimen-

959 4675 1108 4742 tum
1160 4667 1538 4764 patiatur,
1571 4691 1754 4743 neve
1809 4669 2073 4765 aliquis
2129 4670 2193 4743 si
2244 4692 2389 4744 uno
2446 4693 2634 4744 anno
2690 4670 2943 4744 nullibi
2998 4669 3439 4761 discesserit,
3497 4694 3686 4744 anno
3744 4692 3845 4743 se-

961 4787 1207 4884 quenti
1258 4787 1334 4861 id
1368 4795 1650 4884 tempus
1704 4791 2045 4865 omissum
2102 4791 2243 4865 sibi
2297 4814 2764 4889 compensare
2818 4792 3014 4865 velit.
3074 4789 3290 4880 Quod
3344 4789 3698 4867 Statutum
3752 4791 3847 4864 sic

963 4919 1296 5007 utsupra
1347 4909 1614 4985 factum
1669 4919 1740 4984 et
1777 4910 2203 4986 authoritate
2257 4916 2659 5008 praesentis
2712 4914 3080 5007 generalis
3136 4910 3453 5008 Capituli
3508 4915 3733 4988 latum
3784 4920 3848 4986 et

965 5032 1402 5126 conclusum,
1455 5033 1784 5127 vigoreet
1818 5035 2249 5109 authoritate
2284 5058 2677 5111 consensus
2712 5034 3196 5111 Illustrissimi
3250 5036 3435 5110 Loci
3470 5034 3847 5140 ‚Oi-dinarii

963 5153 1507 5254 approbandum
1579 5164 1649 5229 et
1701 5156 2278 5252 confirmandum,
2355 5182 2634 5233 exnunc
2690 5167 2762 5232 et
2824 5167 3105 5254 extunc,
3180 5167 3393 5256 prout
3461 5168 3723 5233 extunc
3786 5163 3849 5231 et

966 5300 1248 5352 exnunc
1317 5276 1562 5350 valere
1629 5274 1894 5351 debere
1949 5286 2021 5351 et
2074 5302 2361 5352 currere
2414 5278 2629 5354 iidem
2684 5281 3300 5357 Reverendiss'imi
3368 5280 3845 5373 decreverunt,

967 5399 1173 5475 salvo
1224 5399 1302 5473 in
1353 5399 1520 5472 aliis
1574 5401 1859 5497 punctis
1913 5397 2196 5475 Statuto
2250 5400 2812 5480 Vindemiarum.
