4055 6364
2314 730 2378 809 ‘8

899 941 1202 1042 plurima
1249 942 1324 1017 in
1379 942 1647 1041 populo
1702 942 2049 1017 oriuntur.
2106 938 2264 1016 Nos
2314 940 2537 1037 igitur
2586 940 2663 1015 in
2714 940 2834 1017 his
2886 948 2961 1017 et
3008 942 3085 1016 in
3139 942 3305 1019 aliis
3358 948 3805 1027 uniformita-

897 1073 1041 1141 tem
1096 1072 1434 1162 quantum
1477 1086 1878 1161 ,possumus
1932 1065 2183 1138 fovere
2238 1069 2311 1137 et
2352 1083 2790 1138 conservare
2844 1064 3233 1161 cupientes,
3289 1068 3383 1145 de
3436 1094 3803 1146 consensu

899 1195 972 1263 et
1023 1187 1331 1263 consilio
1385 1184 1970 1285 Capituli-nostri
2009 1185 2387 1261 statuimus
2421 1184 2496 1260 in
2534 1185 2795 1261 virtute
2850 1184 3305 1267 obedientiae
3350 1191 3799 1269 mandantes.

899 1308 1273 1401 Quatenus
1325 1331 1577 1383 omnes
1631 1315 1705 1383 et
1757 1307 2027 1403 singuli
2081 1306 2575 1384 Ecclesiamm
2645 1307 2999 1385 Rectores
3052 1318 3125 1385 et
3175 1313 3303 1389 alii
3355 1312 3625 1391 Clerici
3676 1339 3829 1393 cu·-

896 1432 1293 1528 iuscunque
1345 1430 1642 1526 gradus,
1698 1429 2096 1525 dignitatis,
2154 1437 2385 1505 status
2439 1438 2563 1507 aut
2615 1430 3049 1507 conditionis
3103 1434 3453 1527 existant,
3524 1444 3669 1513 tam
3724 1438 3803 1512 in

896 1554 1190 1651 antiqua
1243 1577 1455 1653 quam
1506 1553 1583 1628 in
1621 1574 1812 1627 nova
1865 1550 2179 1627 Civitate
2233 1574 2419 1649 quae
2474 1574 2661 1627 nunc
2715 1552 3019 1651 speciali
3074 1554 3358 1631 nomine
3414 1555 3805 1635 Casimiria

897 1682 1368 1773 nuncupatur,
1441 1674 1561 1750 vel
1612 1674 1688 1749 in
1743 1673 2109 1749 suburbiis
2163 1660 2549 1749 earundem
2620 1674 2975 1750 beneficia
3046 1676 3547 1754 ecclesiastica
3614 1680 3801 1755 obti-

898 1806 1151 1873 nentes
1235 1805 1359 1873 aut
1443 1796 1854 1872 habitantes
1926 1804 1998 1869 et
2068 1794 2419 1891 degentes
2497 1795 2998 1893 quoquomodo
3068 1798 3145 1872 in
3216 1799 3551 1897 eiisdem,
3635 1826 3801 1878 cum

897 1919 1305 1995 Ecclesiam
1359 1925 1678 1994 nostram
1733 1914 2245 1992 cathedralem
2301 1926 2373 1992 et
2418 1917 2790 1993 Matricem
2845 1917 3300 1995 interdictum
3356 1922 3797 1999 ecclesiasti*

899 2066 1055 2119 cum
1113 2063 1536 2139 quacunque
1589 2040 1708 2115 vel
1762 2040 2252 2137 cuiuscunque
2314 2040 2745 2147 authoritate
2800 2037 3302 2145 [fulminatum]
3360 2051 3431 2119 et
3483 2045 3797 2142 positum

898 2174 1144 2244 tenere
1198 2171 1270 2239 et
1321 2186 1638 2255 servare,
1696 2183 1987 2237 cessare
2033 2186 2080 2235 a
2117 2161 2381 2237 divinis
2429 2186 2520 2237 ex
2557 2186 2981 2261 quacunque
3036 2185 3261 2239 causa
3314 2162 3625 2241 viderint
3673 2176 3803 2241 aut

898 2286 1260 2381 sciverint,
1317 2309 1482 2360 mox
1517 2286 1793 2384 absque
1850 2283 2018 2359 dolo
2058 2292 2131 2359 et
2163 2283 2418 2360 fraude
2474 2284 2795 2382 qualibet
2844 2284 3360 2359 inviolabiliter
3409 2284 3591 2361 illud
3646 2310 3799 2362 ser-

897 2416 1069 2483 vent
1122 2419 1195 2482 et
1245 2414 1535 2483 teneant
1588 2430 1668 2482 se
1713 2406 1789 2481 in
1825 2406 1966 2481 hoc
2018 2406 2308 2482 Matrici
2362 2406 2745 2482 Ecclesiae
2800 2407 3329 2481 conformantes
3385 2408 3800 2505 praedictae

895 2532 1095 2607 iuxta
1149 2529 1734 2605 consuetudinem
1791 2528 2183 2626 antiquitus
2250 2530 2747 2623 observatam,
2819 2528 3142 2625 alioquin
3197 2528 3601 2626 quicunque
3652 2552 3801 2605 non

897 2651 1298 2729 servaverit
1348 2674 1477 2726 seu
1533 2650 1805 2725 violare
1857 2651 2425 2749 praesumpserit
2474 2650 2884 2727 huiusmodi
2955 2649 3409 2726 interdictum
3462 2661 3588 2728 aut
3636 2675 3797 2727 ces-

897 2776 1246 2877 satIonem
1294 2798 1338 2847 a
1375 2772 1686 2867 Divinis,
1743 2770 2165 2848 Cathedrali
2220 2781 2291 2847 et
2342 2772 2629 2849 Manioi
2681 2773 3022 2849 Ecclesia
3076 2782 3325 2847 nostra
3376 2780 3662 2849 tenente
3710 2798 3800 2850 ea

890 2906 972 2973 et
1042 2896 1475 2971 observante
1547 2894 1971 2970 sententiam
2045 2894 2805 2970 excommunicationis
2888 2896 3153 2971 virtute
3220 2892 3435 2969 huius
3504 2904 3799 2972 nostrae

897 3017 1445 3095 Constitutionis
1495 3016 1823 3092 incurrat
1867 3017 2031 3115 ipso
2084 3018 2299 3112 facto,
2350 3016 2507 3092 eius
2542 3016 2993 3093 absolutione
3032 3016 3269 3094 Nobis
3312 3016 3799 3095 tautummodo

893 3147 1270 3218 reservata
1319 3138 1874 3235 irregularitatis
1925 3138 2139 3232 etiam
2203 3161 2508 3238 poenam
2561 3139 2920 3216 violantes
2974 3138 3225 3216 eadem
3279 3139 3657 3217 interdicta
3712 3165 3794 3217 se

894 3264 1226 3340 noverint
1260 3263 1699 3357 incursuros,
1756 3283 2056 3359 quorum
2094 3260 2540 3362 dispensatio
2587 3262 2678 3339 de
2713 3261 2768 3340 J
2770 3286 2896 3340 ure
2950 3263 3308 3338 communi
3360 3259 3535 3338 Sedi
3590 3263 3793 3362 Apo-

895 3387 1194 3465 stolicae
1248 3384 1593 3462 duntaxat
1645 3392 1760 3461 est
1808 3391 2205 3460 reservata.
3786 3373 3791 3381 ’

2241 3683 2439 3800 ΧἸΙ.

897 3911 1002 3994 ue
1060 3907 1522 4009 exemptione
1561 3905 2077 3989 Praelatorum
2117 3905 2200 3988 et
2237 3904 2767 3988 canonicornm
2824 3905 3216 3990 Ecclesiae
3258 3905 3789 3991 cracoviensis

1001 4051 1052 4116 a
1104 4027 1608 4113 iurisdictione
1663 4046 2259 4130 quorumcunque
2312 4025 2631 4113 iudicum
2692 4027 3318 4112 Dioecesanorum
3377 4030 3705 4132 praetor,

1815 4152 2355 4233 authoritatem
2411 4149 2881 4234 ordinariam.

1105 4362 1220 4438 Ad
1276 4363 1608 4438 decorem
1681 4361 1994 4436 Nostrae
2066 4360 2395 4435 Matricis
2464 4361 2847 4437 Ecclesiae
2919 4360 2989 4435 N
2992 4385 3076 4437 os
3107 4362 3192 4437 ·J
3193 4384 3469 4438 oannes
3520 4363 3797 4438 Divina

898 4497 970 4562 et
1006 4484 1474 4586 Apostolicae
1528 4483 1726 4560 sedis
1779 4482 2233 4581 providentia
2285 4482 2699 4581 Episcopus
2752 4481 3288 4559 cracoviensis.
3348 4484 3558 4559 Illam
3614 4507 3793 4581 qno·

898 4609 1240 4685 tidianam
1309 4607 1497 4681 inter
1566 4603 1975 4702 Capitulum
2049 4603 2429 4680 Praelatos
2500 4614 2573 4680 et
2642 4603 3056 4681 Canonicos
3127 4605 3653 4681 Cracovienses
3725 4615 3799 4682 et

901 4729 1276 4806 Officiales
1328 4752 1418 4802 ac
1469 4726 1521 4804 J
1527 4727 1775 4802 udices
1829 4727 2163 4821 Nostros,
2222 4726 2412 4824 quod
2470 4727 2787 4802 Praelati
2842 4723 2914 4802 et
2948 4726 3299 4804 Canonici
3354 4727 3797 4805 Cracovien·

899 4875 1021 4928 ses
1073 4851 1364 4942 Nostri,
1429 4850 1549 4946 qui
1605 4849 1815 4946 quasi
1867 4849 2243 4924 columnae
2297 4849 2598 4924 eandem
2670 4858 2988 4926 nostram
3061 4857 3464 4926 sustentant
3532 4851 3794 4926 Eccle-

898 4975 1103 5066 siam,
1161 4997 1248 5048 ac
1303 4973 1448 5047 alia
1496 4973 1568 5046 in
1607 4971 1967 5062 Ecclesia,
2027 4972 2339 5048 Civitate
2396 4984 2466 5062 et
2501 4973 2845 5049 Dioecesi
2900 4981 3147 5048 nostra
3200 4972 3523 5049 obtinent
3572 4974 3795 5049 bene-

896 5097 1101 5189 ficia,
1175 5096 1435 5170 virtute
1507 5117 1804 5192 quorum
1877 5094 1968 5169 ad
2043 5092 2095 5170 J
2099 5095 2335 5169 udicia
2396 5101 2467 5169 et
2519 5094 2613 5169 ad
2668 5119 2931 5170 causas
3000 5095 3377 5172 trahuntur
3444 5093 3789 5171 Judicum

898 5227 976 5294 et
1005 5216 1442 5293 Officialium
1493 5216 2054 5315 praedictorum,
2111 5225 2183 5290 et
2218 5217 2403 5291 alias
2438 5217 2713 5313 absque
2752 5217 3022 5292 Nostra
3059 5217 3485 5292 authoritate
3544 5240 3795 5315 proce·

899 5339 1090 5416 ditur
1127 5347 1374 5415 contra
1409 5340 1647 5438 -ipsos,
1704 5338 1996 5414 abolere
2054 5338 2402 5433 volentes,
2459 5339 2793 5436 quoniam
2830 5363 2966 5438 par
2999 5339 3073 5416 in
3109 5363 3359 5438 parem
3396 5362 3538 5414 non
3574 5340 3803 5418 habet
