4055 6364
746 2258 1545 2385 FORMULAE
1622 2258 2852 2389 IURAMENTORUM.

1572 2535 1985 2545 ——-—.

1242 2772 1475 2843 Forma
1510 2770 1853 2841 iuramenti
1902 2770 2324 2859 episcopalis.

535 2981 671 3065 Ego
720 2979 801 3045 N.
850 2980 985 3045 iuro
1034 2979 1110 3045 ad
1151 2982 1370 3046 sancta
1417 2980 1531 3045 Dei
1573 2979 1941 3063 Evangelia,
2005 2977 2175 3061 quod
2221 2978 2359 3045 iura
2404 2980 2467 3045 et
2504 2982 2989 3049 consuetudines
3033 2982 3234 3051 ratio-

242 3106 257 3115 ·
328 3084 573 3150 nabiles
612 3083 901 3166 antiquas
938 3086 1003 3149 et
1038 3084 1416 3166 approbatas
1462 3084 1661 3167 ipsius
1696 3083 2036 3162 Ecclesiae,
2079 3092 2143 3149 et
2178 3085 2547 3171 praesertim
2583 3084 2904 3153 Statutum
2943 3088 3020 3153 de
3047 3088 3233 3153 Anno

326 3189 593 3275 gratiae,
644 3207 757 3270 pro
805 3208 988 3271 posse
1046 3189 1111 3254 et
1154 3189 1320 3256 bona
1361 3188 1483 3254 fide
1528 3189 1668 3254 volo
1718 3207 1986 3264 servare,
2051 3189 2115 3253 et
2161 3181 2422 3254 consilia
2486 3187 2784 3274 Capituli,
2857 3211 3012 3276 quae
3081 3191 3236 3258 mihi

328 3292 565 3358 fuerint
611 3293 905 3370 revelata,
958 3292 1039 3357 ad
1076 3311 1292 3360 eorum
1339 3293 1637 3358 damnum
1682 3292 1783 3357 vel
1826 3291 2277 3375 praeiudicium
2315 3293 2472 3358 nulli
2510 3295 2804 3378 pandam,
2856 3297 2920 3361 et
2961 3294 3236 3361 alienata

327 3395 607 3461 indebite
670 3395 752 3460 ad
815 3397 913 3460 ius
974 3396 1038 3462 et
1101 3396 1545 3478 proprietatem
1612 3395 1809 3478 ipsius
1872 3395 2195 3460 Ecclesiae
2259 3396 2549 3464 omnibus
2617 3397 2802 3465 iustis
2863 3399 3068 3466 modis
3132 3399 3234 3465 vel

328 3499 698 3578 rationibus,
766 3498 993 3582 quibus
1056 3500 1295 3582 potero,
1348 3499 1684 3565 revocabo:
1761 3502 1825 3564 et
1892 3498 1984 3563 sic
2031 3517 2132 3564 me
2182 3500 2357 3565 Deus
2419 3501 2672 3568 adiuvet
2736 3504 2801 3568 et
2844 3500 3071 3568 Sancta
3115 3501 3235 3569 Dei

328 3603 694 3688 Evangelia.

1292 3895 1523 3965 Forma
1566 3891 1910 3964 iuramentl
1960 3892 2286 3984 Episcopi.

534 4107 667 4189 Ego
716 4105 797 4170 N.
846 4105 1198 4190 Episcopus
1245 4103 1675 4170 cracoviensis
1718 4103 1857 4168 iuro
1922 4103 2094 4170 iuxta
2141 4105 2625 4188 dispositionem
2685 4103 2918 4170 Statuti
2966 4103 3230 4171 Provin-

328 4210 527 4288 cialis,
580 4210 748 4293 quod
793 4210 957 4287 Iura,
1008 4209 1255 4300 Statuta
1302 4210 1367 4274 et
1410 4205 1913 4273 Consuetudines
1960 4210 2365 4277 rationabiles
2411 4210 2700 4293 antiquas
2749 4210 2813 4276 et
2857 4209 3232 4291 approbatas

328 4316 513 4381 istius
558 4315 873 4380 Ecclesiae
922 4313 1352 4381 Cracoviensis
1415 4331 1529 4397 pro
1574 4330 1763 4398 posse
1809 4315 1871 4378 et
1916 4313 2084 4378 bona
2124 4314 2248 4380 fide
2295 4315 2576 4394 servabo,
2649 4314 2713 4379 et
2758 4314 2927 4398 quod
2971 4313 3236 4380 consilia

331 4420 625 4503 Capituli,
676 4437 835 4503 quae
881 4419 1031 4484 mihi
1083 4417 1313 4484 fuerint
1356 4418 1651 4490 revelata,
1705 4417 1785 4499 ad
1830 4436 2045 4483 eorum
2093 4418 2389 4484 damnum
2433 4419 2535 4484 vel
2581 4417 3033 4502 praeiudicium
3075 4416 3234 4482 nulli

328 4524 622 4609 pandam,
675 4525 743 4587 et
779 4523 948 4606 quod
992 4523 1157 4588 bona
1202 4522 1265 4588 et
1308 4521 1743 4604 possessiones
1788 4521 2106 4588 Ecclesiae
2154 4521 2388 4588 directe
2424 4523 2525 4588 vel
2561 4521 2862 4588 indirecte
2908 4539 3034 4586 non
3077 4520 3232 4588 alie·

328 4627 488 4692 nabo
535 4626 599 4691 in
644 4615 1031 4709 perpetuum'
1058 4626 1159 4691 vel
1203 4625 1280 4690 ad
1328 4627 1575 4707 tempus
1593 4623 1625 4702 ;'
1668 4624 1779 4689 sed
1826 4624 2098 4691 alienata
2139 4626 2442 4708 indebite,
2496 4625 2578 4692 ad
2627 4627 2726 4692 ius
2775 4629 2837 4692 et
2882 4625 3231 4709 proprieta-

328 4733 525 4796 tatem
566 4730 767 4813 ipsius
812 4729 1133 4796 Ecclesiae
1179 4729 1470 4796 omnibus
1516 4728 1702 4795 iustis
1748 4728 1951 4794 modis
1998 4731 2100 4795 vel
2144 4731 2513 4811 rationibus,
2565 4731 2791 4815 quibus
2835 4730 3080 4814 potero,
3130 4747 3229 4795 re-

328 4835 583 4900 vocabo.
646 4834 949 4917 Quodque
998 4835 1323 4900 Praelatos
1371 4835 1436 4897 et
1479 4831 1829 4899 Canonicos
1874 4834 2193 4900 Ecclesiae
2250 4833 2704 4913 cracoviensiS,
2757 4833 2984 4900 fratres
3029 4851 3229 4917 meos,

324 4940 387 5004 et
430 4937 566 5004 iura
610 4937 891 5020 ipsorum
958 4956 1083 5002 non
1131 4937 1507 5020 opprimam,
1558 4954 1673 5000 nec
1720 4936 1991 5019 aliquem
2056 4937 2338 5020 ipsorum
2387 4941 2520 5004 sine
2567 4937 2848 5004 iudiciali
2893 4937 3228 5018 sententia,

324 5043 563 5125 absque
607 5060 914 5107 consensu
960 5041 1213 5108 maioris
1264 5043 1326 5106 et
1370 5041 1631 5106 senioris
1680 5041 1877 5122 partis
1925 5040 2048 5106 mei
2095 5041 2394 5127 Capituli,
2442 5062 2556 5126 per
2592 5061 2692 5108 me
2736 5043 2837 5108 vel
2883 5040 3232 5108 submissas

323 5165 627 5229 personas
675 5144 1027 5228 captivabo,
1095 5146 1205 5210 aut
1250 5145 1603 5210 molestiam
1649 5143 1913 5210 inferam
1960 5147 2372 5229 corporalem.
2441 5145 2548 5211 Sic
2593 5165 2693 5212 me
2737 5145 2912 5212 Deus
2977 5145 3232 5212 adiuvet

251 5337 253 5340 y
327 5251 391 5314 et
434 5247 589 5314 haec
633 5247 865 5317 Sancta
908 5249 1028 5315 Dei
1070 5248 1433 5336 Evangelia.
