4055 6364
2109 726 2626 805 -80-

915 941 1274 1018 nationem
1330 942 1557 1033 hanc,
1632 941 1929 1017 Domini
1978 939 2428 1036 Reverendi,
2507 940 2765 1015 durare
2823 926 3087 1013 debere
3140 937 3309 1011 hinc
3361 937 3456 1011 ad
3509 944 3826 1033 tempuS,

916 1089 1056 1163 quo
1112 1066 1456 1163 pestifera
1509 1088 1682 1139 aura
1738 1066 1976 1139 mitior
2026 1065 2223 1138 facta
2273 1063 2522 1157 fuerit,
2577 1063 2722 1137 imo
2776 1062 3063 1160 penitus
3117 1060 3650 1157 conquieverit,
3709 1057 3819 1132 di·-

912 1196 1171 1265 xerunt
1224 1196 1296 1263 et
1348 1188 1842 1263 decreverunt.

2209 1391 2520 1494 XCVI.

916 1590 1020 1671 De
1096 1587 1749 1671 Distributionihus
1830 1586 2274 1690 quotidianis
2356 1584 2620 1667 dandis
2695 1584 2851 1682 uni,
2934 1582 3222 1665 duobus
3295 1582 3412 1664 ve!
3491 1581 3825 1682 pluribus

914 1711 1335 1812 neputaus,
1394 1711 1477 1791 et
1531 1708 1624 1789 de
1682 1709 2050 1806 curribus„
2108 1708 2321 1810 equis
2369 1707 2465 1791 ab
2516 1707 2881 1806 Episcopo
2938 1703 3225 1787 dandis.
3282 1703 3488 1787 Anno
3547 1704 3824 1787 Domini

1071 1831 1445 1916 millesimo
1506 1830 2108 1931 Quingentesimo
2168 1827 2787 1930 auinquauesimo
2845 1829 3088 1915 sexto.
3148 1827 3276 1909 Die
3333 1827 3413 1908 18
3470 1827 3660 1908 maii.

1124 2044 1534 2119 Reverendi
1604 2052 1676 2118 et
1746 2042 2204 2119 venerabiles
2277 2041 2573 2118 Domini
2645 2040 2965 2115 Praelati
3017 2047 3091 2115 et
3143 2037 3494 2115 Canonici
3567 2062 3824 2136 supra-

916 2165 1260 2240 nominati
1330 2172 1405 2240 et
1474 2164 1860 2263 descripti,
1936 2188 2079 2241 una
2149 2188 2310 2239 cum
2381 2162 3020 2239 Reverendissimo
3090 2162 3164 2236 in
3239 2160 3530 2237 Christo
3604 2162 3826 2236 Patre

914 2288 1230 2363 Domino
1304 2296 1375 2363 et
1444 2288 1760 2363 Domino
1833 2286 2130 2362 Andrea
2212 2286 2825 2385 Zebrzydowski,
2911 2287 3055 2359 Dei
3133 2286 3370 2380 gratia
3449 2285 3825 2384 Episcopo

918 2408 1408 2503 Cracoviensi,
1468 2409 1959 2507 capitulariter
1992 2410 2069 2483 in
2104 2411 2268 2485 loco
2311 2406 2714 2508 Capitulari
2766 2411 3052 2486 fuerunt
3102 2410 3548 2506 congregati,
3606 2414 3825 2504 atque

922 2556 1143 2630 supra
1195 2532 1519 2607 articulis
1572 2533 1761 2606 infra
1816 2531 2224 2631 descriptiS,
2278 2556 2411 2629 per
2449 2531 2750 2607 eundem
2804 2533 3514 2607 Reverendissimum
3572 2531 3820 2605 Domi-

914 2679 1078 2730 num
1147 2656 1570 2753 propositis,
1629 2655 2114 2730 deliberantes
2169 2662 2241 2730 et
2293 2661 2724 2750 tractantes,
2799 2654 3336 2731 concludendos
3390 2659 3826 2751 putaverunt

916 2784 989 2851 et
1042 2778 1585 2870 concluserunt,
1658 2776 1754 2856 ad
1819 2801 1979 2852 eum
2054 2778 2176 2875 qui
2247 2778 2569 2874 sequitur
2638 2777 2948 2854 modum.
3043 2776 3401 2868 Quoniam
3455 2776 3529 2849 in
3585 2772 3825 2849 danda

914 2900 1332 2997 provisione
1388 2907 1462 2974 et
1514 2900 2140 2976 distributionibus
2213 2898 2650 2997 quotidianis
2723 2900 3210 2976 concedendis
3280 2899 3398 2975 his
3461 2896 3822 2991 Dominis,

918 3022 1042 3117 qui
1094 3022 1168 3096 in
1224 3023 1535 3117 negotiis
1589 3022 1967 3097 Ecclesiae
2022 3029 2096 3096 et
2148 3022 2571 3120 praesertim
2636 3023 2881 3097 finium
2934 3022 3413 3118 regendorum
3469 3023 3822 3096 bonorum

914 3144 1301 3220 Ecclesiae
1356 3154 1429 3220 et
1479 3145 1783 3220 Mensae
1854 3144 2363 3244 Episcopalis‚
2438 3146 2708 3221 alicubi
2761 3146 3081 3244 deputati
3151 3145 3632 3240 mittebantur,
3703 3142 3824 3216 liic

919 3290 1075 3342 mos
1131 3275 1339 3342 vetus
1395 3278 1468 3343 et
1522 3269 1965 3344 consuetudo
2042 3276 2336 3366 recepta
2408 3269 2760 3344 hactenus
2832 3259 3220 3345 observata
3285 3268 3539 3343 fuerit:
3631 3265 3824 3362 quod

917 3389 1222 3489 pecunia
1294 3392 1647 3466 eiusmodi
1718 3391 2288 3488 quotidianarum
2365 3391 2979 3486 distributionum,
3055 3414 3267 3488 quam
3340 3388 3824 3487 praesentiam

916 3512 1138 3608 vulgo
1195 3522 1493 3604 vocant,
1562 3515 1683 3588 uni
1739 3515 2084 3588 duntaxat
2138 3537 2228 3588 ex
2284 3513 2566 3589 duobus
2619 3515 2954 3589 Dominis
3009 3539 3141 3612 pro
3197 3514 3326 3588 tali
3379 3519 3545 3586 actu
3598 3510 3822 3608 depu-

916 3635 1108 3730 tatis,
1166 3638 1287 3732 qui
1324 3661 1705 3734 personam
1762 3637 2044 3712 scilicet
2094 3635 2560 3711 Venerabilis
2615 3635 2932 3735 Capituli
2969 3639 3351 3729 referebat,
3413 3633 3571 3708 dari
3607 3641 3824 3729 atque

918 3757 1219 3832 concedi
1274 3760 1593 3847 solebat;
1652 3759 1842 3849 Quia
1896 3767 2134 3834 tamen
2191 3758 2869 3834 Reverendissimus
2921 3761 2997 3833 in
3052 3757 3344 3834 Christo
3395 3756 3618 3831 Pater
3668 3756 3822 3830 Do-

916 3881 1151 3954 minus
1203 3882 1563 3956 Dominus
1614 3880 1949 3956 Andreas
2002 3883 2149 3956 Dei
2200 3882 2438 3975 gratia
2491 3882 2906 3980 Episcopus
2960 3879 3509 3972 Cracoviensis,
3578 3900 3825 3953 coram

918 4003 1070 4076 suis
1124 4003 1459 4078 Dominis
1522 4004 1971 4079 Reverendis
2024 4005 2100 4078 in
2152 4004 2500 4079 hodierno
2558 4003 2896 4102 Capitulo
2951 4006 3288 4102 exposuit
3341 4025 3514 4078 suas
3567 4002 3824 4096 ingen-

917 4133 1029 4200 tes
1084 4147 1335 4220 curas,
1411 4135 1711 4202 conatus
1766 4135 1837 4202 et
1890 4127 2389 4203 solicitudines
2442 4136 2654 4224 atque
2710 4129 2922 4202 etiam
2993 4152 3261 4224 graves
3333 4147 3696 4224 expensas
3751 4131 3826 4199 et

919 4257 1279 4344 sumptus,
1354 4273 1537 4344 quos
1605 4251 1723 4324 his
1794 4249 2151 4324 continuis
2222 4251 2470 4342 annis,
2525 4251 2600 4324 in
2657 4251 2950 4345 negotio
3019 4250 3429 4345 Religionis
3483 4257 3557 4323 et
3608 4246 3826 4321 Fidei

920 4367 1339 4444 Catholicae
1393 4396 1481 4446 ac
1534 4373 1892 4448 libertatis
1946 4373 2491 4447 ecclesiasticae
2545 4373 2876 4467 tuendae,
2931 4372 3351 4448 retinendae
3407 4379 3478 4445 et
3531 4393 3824 4445 conser-

918 4491 1240 4585 vandae,
1314 4493 1557 4568 facere
1616 4495 1936 4588 cogitur,
2012 4498 2152 4588 ita,
2212 4495 2403 4592 quod
2458 4495 2672 4569 etiam
2726 4497 2991 4571 finibus
3046 4493 3400 4570 eiusmodi
3473 4495 3823 4568 bonorum

920 4613 1300 4688 Ecclesiae
1382 4616 1777 4692 limitandis
1858 4618 2280 4715 plerumque
2367 4617 2739 4694 commode
2818 4618 3191 4692 intendere
3277 4626 3401 4692 aut
3471 4636 3825 4715 praesens

919 4733 1181 4810 adesse
1236 4748 1561 4834 nequeat,
1616 4741 1994 4838 postulans
2048 4741 2302 4815 haberi
2357 4742 2450 4816 ad
2493 4742 2678 4816 haec
2731 4742 3080 4816 rationem
3135 4740 3470 4837 aliquam,
3529 4745 3602 4812 et
3647 4739 3824 4814 utri-

923 4881 1063 4953 que
1134 4859 1380 4936 talium
1454 4862 1979 4959 Deputatorum
2053 4866 2534 4960 praesentiam
2621 4865 2961 4938 concedi:
3027 4862 3324 4937 Domini
3375 4863 3618 4959 itaque
3673 4862 3820 4935 Re·

920 4982 1217 5055 verendi
1289 4983 1770 5077 allegationes
1844 4993 2256 5082 praetactas
2326 4987 2946 5062 Reverendissimi
3011 4985 3307 5060 Domini
3359 4984 3432 5059 in
3489 4984 3824 5059 conside-

918 5103 1195 5178 ratione
1250 5103 1623 5182 habendas
1679 5131 1885 5203 esse,
1964 5132 2351 5206 earumque
2404 5111 2704 5203 intuitu,
2759 5109 3227 5208 postulationi
3276 5107 3476 5183 illius
3545 5106 3824 5200 gratifi-

921 5248 1087 5299 care
1140 5227 1504 5323 voleutes‚
1578 5230 2032 5306 unanimibus
2086 5233 2451 5327 suffmgiis
2506 5230 3075 5306 concludendum
3131 5231 3524 5305 duxerunt:
3604 5227 3825 5319 Quod

922 5350 1494 5458 quandoquidem
1549 5353 1694 5454 ipsi
1746 5353 2158 5437 Reverendi
2209 5355 2502 5438 Domini
2555 5355 2699 5435 sint
2751 5355 3099 5435 bonorum
3159 5352 3511 5432 eiusmodi
3564 5351 3822 5433 Eccle-
