4055 6364
2204 767 2717 844 „36-

1011 985 1084 1052 et
1135 978 1423 1077 optione
1479 977 1776 1076 adepta,
1849 1001 1982 1076 per
2034 977 2196 1054 Nos
2248 985 2323 1054 et
2372 977 2675 1054 Fratres
2730 989 3023 1056 nostros
3091 980 3237 1079 ipsi
3290 982 3410 1056 vel
3461 982 3649 1079 ipsis
3712 985 3903 1060 facta

1000 1101 1200 1176 iuxta
1255 1099 1796 1199 dispositionem
1851 1100 2233 1176 Ecclesiae
2288 1107 2580 1176 nostrae
2652 1099 3213 1199 Cracoviensis3
3287 1113 3361 1179 et
3414 1105 3586 1203 quia
3638 1107 3901 1181 frustra

999 1223 1192 1318 legis
1242 1223 1578 1322 implorat
1629 1223 1973 1298 auxilinm
2031 1223 2156 1324 qui
2192 1223 2569 1298 committit
2603 1223 2677 1298 in
2712 1223 2978 1320 legem,
3032 1224 3200 1300 ideo
3254 1227 3445 1303 tales
3498 1237 3899 1324 transgres-

1001 1369 1206 1422 sores
1258 1345 1515 1421 fortius
1584 1345 1840 1444 punire
1913 1345 2239 1420 volentes
2291 1369 2337 1420 a
2389 1345 2803 1443 provisione
2826 1403 2845 1440 ‚
2919 1348 3215 1445 optione
3269 1373 3401 1447 per
3454 1351 3619 1427 Nos
3674 1351 3901 1426 eidem

999 1468 1118 1542 vel
1175 1466 1446 1544 eisdem
1493 1467 1568 1540 in
1604 1468 1914 1542 futurum
1967 1465 2322 1560 facienda,
2378 1489 2512 1564 per
2546 1461 2807 1542 decem
2849 1492 3082 1544 annos
3133 1470 3547 1548 immediate
3602 1495 3902 1569 sequen-

998 1599 1112 1666 tes
1187 1599 1481 1665 careant
1555 1591 1840 1665 omnino
1895 1614 1940 1664 a
1993 1589 2481 1688 postulatione
2532 1587 2943 1664 huiusmodi
2998 1593 3494 1688 provisionum
3552 1602 3629 1669 et
3680 1596 3903 1693 optio—

999 1737 1166 1787 num
1219 1714 1508 1810 penitus
1563 1713 1706 1788 sint
1754 1713 2010 1788 remoti
2064 1735 2223 1786 cum
2282 1735 2372 1786 ex
2424 1711 2833 1788 huiusmodi
2890 1713 3459 1811 obligationibus
3512 1725 3589 1792 et
3640 1717 3903 1792 aliena·

999 1835 1314 1910 tionibus
1381 1835 1457 1910 in
1527 1833 1936 1910 huiusmodi
2004 1833 2221 1908 bonis
2290 1832 2675 1908 Ecclesiae
2758 1835 3217 1934 dispendium
3296 1839 3689 1937 proveniat
3764 1863 3903 1914 non

997 1958 1379 2050 modicum,
1434 1957 1636 2032 rixae
1671 1964 2130 2053 generantur,
2188 1964 2260 2030 et
2294 1956 2791 2033 contentiones
2836 1957 3183 2053 oriuntur,
3238 1961 3443 2059 impii
3480 1962 3905 2060 superbiunt

998 2089 1072 2156 et
1123 2103 1478 2179 pauperes
1531 2079 2046 2179 opprimuntur.
2139 2076 2408 2154 Verum
2466 2088 2701 2153 tamen
2758 2079 2825 2154 si
2878 2079 3103 2177 aliqui
3170 2079 3521 2158 Nostrum
3580 2083 3673 2158 de
3724 2085 3901 2158 Fra-

997 2203 1228 2280 tribus
1299 2203 1788 2299 cuiuscunque
1861 2208 2131 2293 status,
2201 2199 2476 2296 gradus
2546 2200 2667 2273 vel
2728 2201 3339 2298 praeeminentiae
3410 2204 3719 2299 existat,
3790 2206 3905 2280 vel

997 2326 1332 2420 existant,
1387 2325 1632 2423 aliqua
1667 2347 1889 2399 causa
1940 2322 2353 2399 rationabili
2391 2322 2465 2396 id
2504 2326 2967 2420 exposcente,
3026 2323 3303 2421 aliquid
3360 2326 3480 2400 vel
3532 2328 3783 2425 aliqua
3818 2327 3903 2402 de

996 2449 1212 2525 bonis
1246 2447 1672 2546 praemissis
1709 2447 1829 2522 vel
1866 2445 2388 2540 consimilibus,
2444 2454 2764 2521 nostrum
2804 2446 3023 2521 alicui
3060 2446 3151 2521 de
3187 2447 3576 2524 Fratribus
3614 2451 3901 2543 nostiis,

996 2572 1196 2648 iuxta
1248 2571 1618 2670 optionum
1671 2568 2112 2646 Statutorum
2167 2567 2653 2666 provisionem
2704 2566 2796 2641 ad
2835 2568 3026 2665 quod
3081 2569 3306 2644 breve
3358 2578 3647 2668 tempus
3700 2595 3903 2646 aren-

1000 2691 1194 2789 dare,
1253 2717 1382 2768 seu
1439 2717 1572 2792 pro
1625 2701 1822 2768 certa
1875 2689 2226 2791 pecuniae
2280 2689 2676 2787 quantitate
2732 2712 3095 2786 exponere
3148 2691 3463 2767 voluerit
3498 2693 3621 2767 vel
3656 2694 3903 2768 volue-

996 2818 1160 2910 rint,
1217 2815 1472 2892 Nostri
1524 2837 1923 2891 consensus
1959 2836 2091 2888 seu
2129 2811 2679 2887 Procuratorum
2720 2820 3129 2887 nostrorum
3164 2814 3619 2908 generalium
3656 2814 3901 2913 dispo-

997 2940 1165 3014 sitio
1219 2961 1440 3036 super
1507 2936 1918 3013 huiusmodi
1989 2933 2578 3011 arendationibus
2650 2933 3056 3031 requiratur
3105 2943 3180 3010 et
3231 2935 3664 3012 obtineatur.
3762 2937 3903 3028 Qui

1003 3083 1179 3138 vero
1233 3083 1450 3136 secus
1502 3059 1758 3135 fecerit
1809 3058 1932 3132 vel
1983 3056 2323 3146 fecerint,
2380 3055 2543 3153 ipso
2596 3054 2789 3131 facto
2850 3057 2995 3131 sint
3046 3055 3320 3132 eisdem
3366 3059 3909 3156 provisionibus

996 3184 1258 3284 privati
1314 3192 1386 3259 et
1437 3181 1715 3259 remoti.
1771 3180 2130 3255 Volumus
2186 3177 2399 3253 etiam
2454 3177 2755 3253 firmiter
2808 3202 2975 3255 esse
3029 3162 3498 3275 servandum,
3558 3191 3639 3256 ut
3688 3184 3905 3279 quili-

995 3308 1122 3382 bet
1173 3306 1556 3382 Praelatus
1607 3304 1727 3379 vel
1782 3302 2193 3378 Canonicus
2214 3356 2233 3392 ‚
2318 3298 2703 3375 Confrater
2782 3309 3050 3395 noster,
3106 3302 3353 3400 aliqua
3426 3304 3547 3377 vel
3616 3304 3909 3402 aliquas

995 3430 1244 3504 villam
1297 3430 1416 3503 vel
1469 3428 1710 3521 villas,
1766 3425 2285 3501 haereditatem
2341 3422 2461 3496 vel
2514 3422 3022 3519 haereditates,
3082 3447 3243 3499 cum
3300 3448 3392 3499 ex
3431 3434 3679 3501 nostra
3740 3451 3908 3526 pro-

997 3552 1278 3629 visione
1313 3551 1531 3626 fuerit
1565 3549 1897 3646 adeptus,
1953 3547 2171 3622 debet
2225 3543 2705 3620 conditionem
2761 3546 3133 3622 meliorem
3187 3548 3434 3622 facere
3487 3547 3563 3622 in
3602 3549 3909 3646 eisdem,

997 3685 1070 3750 et
1122 3674 1500 3775 apparenti
1551 3671 2055 3748 melioratione
2108 3670 2501 3744 reformare
2538 3668 2731 3743 bona
2766 3670 2910 3745 sibi
2944 3693 3076 3768 per
3110 3668 3270 3745 Nos
3306 3671 3629 3768 provisa.
3684 3670 3911 3764 Quod

995 3799 1062 3874 si
1114 3799 1189 3873 in
1242 3797 1513 3873 eisdem
1567 3795 1779 3872 bonis
1832 3790 2333 3867 haereditariis
2385 3790 2603 3865 alicui
2656 3814 2747 3864 ex
2798 3790 3036 3867 Nobis
3090 3792 3429 3890 provisis,
3488 3816 3633 3869 non
3690 3795 3913 3871 fuerit

996 3921 1242 4017 aliqua
1294 3918 1710 3994 reformatio
1764 3916 1883 3990 vel
1947 3914 2349 3989 melioratio
2402 3912 2631 4007 facta,
2705 3914 2975 3989 nostris
3027 3922 3101 3989 et
3152 3922 3445 3992 nostrae
3518 3917 3910 3993 Ecclesiae

995 4042 1596 4119 Procuratoribus
1665 4038 1964 4115 evidens
2019 4045 2091 4111 et
2144 4036 2555 4129 manifesta,
2614 4043 2873 4110 extunc
2926 4036 2993 4110 is
3046 4036 3429 4114 Praelatus
3487 4039 3605 4115 vel
3664 4038 3911 4115 Cano-

995 4167 1202 4241 nicus
1253 4170 1501 4239 noster
1554 4162 1958 4252 Confi-ater,
2014 4158 2424 4234 huiusmodi
2480 4158 2963 4255 provisionem
3018 4167 3335 4235 nostram
3390 4184 3525 4259 per
3562 4162 3729 4238 Nos
3766 4163 3914 4239 sibi

995 4290 1256 4377 factam
1331 4284 1602 4361 tamdiu
1673 4291 1914 4357 teneat
1966 4289 2038 4356 et
2092 4280 2495 4379 possideat,
2572 4280 2803 4354 donec
2874 4280 3107 4378 ipsam
3161 4280 3436 4357 Villam
3508 4283 3629 4359 vel
3686 4285 3913 4360 villas

994 4408 1433 4502 huiusmodi,
1488 4405 2008 4482 haereditatem
2062 4404 2183 4477 vel
2233 4401 2721 4477 haereditates
2776 4403 3195 4499 seminibus,
3252 4404 3553 4503 sepibus
3608 4415 3687 4481 et
3739 4408 3914 4483 aliis
4043 4476 4045 4517 ἰ

999 4532 1376 4608 structuris
1429 4529 1759 4605 melioret
1811 4535 1883 4601 et
1936 4526 2309 4617 reformet,
2384 4546 2519 4597 nec
2572 4524 2665 4597 ad
2720 4524 3033 4622 aliquam
3105 4527 3596 4624 provisionem
3648 4536 3913 4626 petcn·
4043 4572 4045 4581 =

998 4656 1162 4730 dam
1215 4653 1651 4728 admittatur.
1743 4648 1826 4724 Si
1878 4649 2041 4747 quis
2097 4670 2269 4721 vcro
2343 4653 2593 4720 contra
2664 4642 3075 4723 huiusmodi
3147 4645 3499 4724 Statutum
3574 4660 3913 4729 nostrum

996 4786 1262 4854 temere
1316 4776 1614 4865 venerit,
1672 4774 1767 4849 sit
1800 4772 2079 4847 irritum
2117 4770 2279 4869 ipso
2316 4770 2533 4859 facto,
2579 4790 2717 4843 nec
2751 4768 3116 4865 aliquibus
3167 4771 3447 4845 viribus
3496 4773 3913 4849 subsistere
4043 4782 4047 4881 ᾗ

995 4900 1362 5005 videatur.p
1386 4896 1648 4973 Actum
1684 4904 1756 4972 et
1790 4896 2061 4969 Datum
2100 4892 2500 4968 Cracoviae
2528 4892 2601 4965 in
2636 4888 2974 4969 Crastino
3009 4892 3547 4969 Purificationis
3583 4892 3913 4972 Sanctae

995 5024 1276 5098 Mariae
1327 5018 1542 5095 Anno
1609 5018 1906 5093 Domini
1976 5015 2369 5091 Millesimo
2438 5014 2985 5089 Trecentesimo
3040 5012 3561 5110 Octuagesimo
3584 5066 3591 5073 -
3616 5016 3911 5108 Quarto
4043 5008 4047 5113 ἕ

996 5144 1334 5243 Capitulo
1391 5140 1760 5218 Generali.
