4055 6364
1370 684 1937 761 —291—

187 886 563 951 Deservitas
610 887 931 953 mercedes
978 890 1384 955 servitoribus
1446 909 1560 956 seu
1604 889 1897 967 familiae,
1960 892 2094 954 tum
2145 890 2208 955 et
2251 890 2478 965 debita,
2542 890 2596 956 si
2643 908 2802 971 quae
2847 889 3103 967 fuerint,

191 988 633 1057 creditoribus
679 992 900 1057 solvet.
954 992 1270 1076 Quidquid
1316 996 1527 1059 autem
1573 993 1966 1077 superfuerit,
2018 994 2094 1059 de
2139 994 2259 1060 hoc
2302 994 2368 1059 in
2413 994 2802 1079 refrigerium
2850 992 3101 1059 animae

188 1094 475 1159 defuncti
520 1095 587 1160 et
632 1094 1063 1177 eleemosinas,
1114 1096 1381 1163 maxime
1425 1115 1538 1180 pro
1574 1096 1953 1163 redimendis
1999 1096 2261 1180 captivis
2313 1098 2375 1162 et
2418 1096 2786 1162 adiuvandis
2833 1098 3102 1162 misera·

186 1196 431 1263 bilibus
478 1198 763 1282 personis
808 1199 1017 1279 faciet,
1068 1200 1459 1282 curabitque,
1506 1200 1579 1265 ut
1611 1198 1823 1283 eliqua
1866 1200 1971 1283 pia
2014 1202 2079 1266 et
2113 1201 2380 1265 honesta
2421 1199 2665 1265 ratione
2711 1199 2777 1265 in
2815 1199 3109 1265 Ecclesia

190 1296 585 1379 Catbedrali,
652 1302 949 1383 tanquam
996 1320 1231 1384 sponsa
1278 1303 1527 1381 mortui,
1575 1306 1755 1389 grata
1799 1304 1863 1369 et
1907 1304 2289 1386 sempiterna
2333 1302 2636 1369 memoria
2691 1303 2864 1369 illius
2912 1302 3105 1367 relin-

190 1404 449 1486 quatur.
501 1403 593 1469 Ac
637 1402 888 1470 demum
938 1423 1190 1487 operam
1237 1406 1431 1487 dabit,
1483 1408 1535 1471 si
1584 1426 1651 1471 se
1696 1407 1887 1473 latius
1929 1406 2263 1473 facultates
2301 1406 2560 1472 relictae
2608 1406 2968 1486 extendent,
3037 1407 3111 1471 ut

194 1506 657 1589 consanguinei
701 1508 933 1574 mortui
978 1510 1183 1594 magis
1228 1510 1603 1594 indigentes,
1668 1510 2012 1577 secundum
2071 1528 2257 1593 posse
2305 1510 2766 1576 consolationes
2811 1508 3103 1577 referant.

408 1714 515 1779 De
560 1713 971 1782 solvendo
1036 1714 1375 1783 Canone
1435 1737 1591 1801 pro
1635 1718 1968 1785 fabrica
2020 1718 2485 1784 Ecclesiae
2543 1713 3108 1783 Cathedralis

190 1814 461 1899 (Statut.
498 1815 894 1902 CCXXXII),
944 1819 1053 1885 ubi
1099 1820 1441 1900 ordinatur,
1489 1823 1562 1887 ut
1597 1840 1636 1887 a
1664 1822 1945 1905 qualibet
1986 1822 2352 1901 Advocatia,
2401 1820 2722 1896 Scultetia,
2775 1820 2840 1885 et
2881 1818 2948 1883 id
2993 1836 3105 1903 ge-

190 1938 339 1998 nus,
409 1921 735 2003 quibusvis
798 1922 1007 1989 fundis
1052 1924 1371 1991 Ecclesiae
1433 1926 1498 1990 in
1544 1926 1997 1994 advitalitatem
2063 1926 2202 1991 dari
2247 1925 2473 2003 solitis,
2541 1924 2776 1990 certam
2825 1922 3105 2006 quotam,

190 2024 571 2107 vigesimam
616 2027 857 2107 partem
904 2028 1233 2095 donativae
1280 2032 1691 2112 proventuum
1755 2030 2191 2111 attingentem,
2260 2028 2569 2095 donatarii
2614 2024 2951 2111 quotannis
2997 2042 3109 2107 pro

188 2125 443 2191 fabrica
487 2127 809 2193 Ecclesiae
847 2130 1099 2196 solvant
1136 2134 1247 2213 p'ro
1282 2133 1445 2199 festo
1494 2133 1707 2199 Sancti
1742 2132 2001 2198 Martini
2049 2133 2129 2200 ad
2170 2150 2389 2197 manus
2427 2130 2910 2213 capitaneorum
2958 2126 3108 2194 Cla-

189 2230 413 2307 vium3
464 2229 788 2314 Capitanei
834 2237 1047 2301 antem
1084 2254 1222 2301 eam
1260 2236 1339 2301 ad
1377 2236 1852 2302 Procuratorem
1902 2235 2174 2321 Capituli
2220 2238 2365 2318 post
2416 2236 2584 2301 idem
2632 2234 2866 2299 festum
2903 2232 3109 2297 trans-

192 2334 501 2399 mittant:
552 2336 726 2402 salvo
773 2338 983 2403 tamen
1031 2357 1127 2419 eo,
1177 2339 1251 2404 ut
1285 2358 1396 2422 pro
1436 2340 1777 2405 maioribus
1820 2339 2097 2405 fabricae
2143 2338 2648 2415 necessitatibuS,
2698 2334 2889 2402 veteri
2940 2351 3112 2398 more

190 2436 680 2504 Illustrissimus
725 2439 875 2505 Loci
925 2439 1292 2508 ordinarius
1337 2444 1494 2509 duas
1541 2446 1772 2524 partes,
1825 2441 2186 2525 Capitulum
2227 2443 2480 2507 tertiam
2525 2439 2946 2508 contribuant.

423 2644 531 2710 De
577 2648 1195 2715 consolatione
1241 2668 1322 2713 ex
1366 2652 1753 2716 restante
1812 2649 2184 2732 pecunia
2249 2667 2396 2733 pro
2444 2648 2774 2713 Musica
2845 2644 3104 2722 (Statut.

198 2745 643 2833 CCXXXIII).
690 2751 831 2816 Hoc
878 2770 990 2817 suo
1036 2750 1282 2819 Statuto
1327 2752 1625 2818 fundator
1670 2754 1949 2819 Musicae
1996 2752 2472 2819 Illustrissimus
2539 2747 2963 2833 Szyszkowski
3011 2766 3110 2811 or-

200 2850 406 2931 dinat,
447 2854 521 2917 ut
554 2854 859 2937 quidquid
904 2874 979 2919 ex
1013 2855 1320 2921 reditibus
1356 2858 1435 2921 ab
1474 2875 1545 2921 eo
1585 2856 1891 2922 institutis
1928 2876 2040 2941 pro
2077 2856 2341 2933 Musica,
2384 2854 2529 2937 post
2563 2854 2836 2918 rationes
2875 2865 3113 2915 annuas

198 2953 378 3020 ultra
422 2974 727 3037 expensas
776 2958 1176 3041 superfuerit,
1228 2960 1290 3024 id
1335 2961 1538 3024 totum
1584 2960 1766 3025 cedat
1808 2960 1871 3022 in
1918 2959 2411 3025 consolationem
2458 2954 2936 3040 capitularium,
3007 2952 3117 3038 qui

202 3058 289 3123 ad
340 3056 699 3141 Capitulum
747 3062 1037 3153 generale
1101 3081 1213 3145 pro
1258 3062 1419 3128 festo
1468 3064 1677 3128 Sancti
1722 3062 2017 3127 Stanislai
2081 3063 2146 3127 in
2194 3062 2360 3127 Maio
2408 3059 2829 3137 convenerint,
2890 3058 2954 3123 et
2996 3075 3112 3139 po-

204 3161 450 3230 striduo
500 3163 781 3230 eiusdem
826 3166 994 3246 festi,
1044 3166 1283 3233 Missae
1327 3168 1573 3233 votivae
1636 3168 1713 3232 de
1760 3167 1982 3232 eodem
2026 3166 2255 3233 Sancto
2320 3185 2463 3231 cum
2523 3160 3117 3229 commemoratione

206 3281 327 3346 pro
372 3266 583 3330 anima
632 3268 909 3334 defuncti
954 3269 1303 3336 fundatoris
1349 3271 1783 3337 interfuerint:
1832 3270 2121 3354 obligans
2167 3268 2576 3334 nibilominus
2621 3266 2810 3332 fidem
2859 3266 2922 3329 et
2965 3282 3114 3329 con-

208 3368 545 3435 scientiam
592 3371 887 3457 Capituli,
940 3375 1012 3439 ut
1056 3375 1277 3440 musici
1320 3393 1472 3440 voce
1518 3375 1583 3440 et
1626 3376 2060 3440 instrumentis
2107 3375 2424 3451 canentes,
2495 3373 2560 3436 in
2605 3371 2826 3436 eodem
2873 3387 3120 3450 semper

206 3491 470 3539 numero
520 3477 1065 3560 manuteneantur‚
1114 3479 1179 3543 in
1211 3497 1333 3563 quo
1380 3479 1490 3543 illo
1538 3479 1783 3544 vivente
1834 3478 2416 3544 manutenebantur.
2461 3475 2585 3542 Sed
2629 3475 2731 3540 hic
2777 3472 3116 3538 observan-

210 3575 365 3641 dum
403 3580 524 3658 est,
577 3579 744 3662 quod
782 3581 1103 3662 praedicta
1146 3584 1489 3649 consolatio
1536 3583 1781 3647 nonnisi
1838 3582 1913 3646 de
1964 3582 2388 3664 proventibus,
2441 3597 2598 3661 quos
2638 3575 3117 3644 Illustrissimus

210 3679 645 3762 Szyszkowski
708 3683 991 3748 Musicae
1055 3686 1346 3767 providit,
1414 3685 1697 3750 facienda
1758 3685 1871 3762 sit3
1948 3702 2090 3748 cum
2148 3683 2224 3748 de
2267 3683 2632 3747 fundatione
2693 3678 2997 3743 Tiliciana
3057 3677 3120 3741 et

208 3781 621 3850 Tnebiciana
666 3789 914 3869 praeter
958 3807 1176 3854 eorum
1219 3789 1628 3856 intentionem
1677 3789 2007 3870 disponere
2053 3805 2178 3851 non
2223 3787 2491 3870 poterat.

424 3991 529 4055 De
610 4011 884 4076 poena
963 3996 1451 4061 absentium
1530 4014 1568 4060 a
1644 3993 2220 4078 generalibus
2305 3990 2748 4074 Capitulis
2856 3986 3118 4070 (Statut.

213 4090 706 4180 CCXXXVIII).
778 4099 953 4164 Haec
1012 4119 1122 4181 per
1166 4099 1487 4164 Statutum
1532 4118 1831 4182 praesens
1876 4097 2281 4163 constituitur
2325 4095 2510 4160 talis:
2577 4095 2648 4158 ut
2694 4091 2780 4160 sit
2823 4090 3119 4157 inhabilis

215 4196 299 4262 ad
344 4199 669 4281 optionem
718 4201 941 4266 domus
990 4203 1055 4267 et
1098 4202 1303 4281 villae,
1357 4221 1515 4287 quae
1558 4202 1928 4268 intermedio
1970 4203 2078 4266 aut
2115 4202 2251 4284 ipso
2300 4199 2619 4282 sequent-is
2659 4195 2930 4280 Capituli
2967 4196 3120 4260 tem-

213 4319 368 4384 pore
411 4303 732 4380 inciderit;
798 4306 893 4371 illi
929 4325 1096 4386 vero,
1148 4308 1254 4390 qui
1308 4309 1527 4373 domos
1574 4310 1637 4373 et
1680 4306 2124 4390 praestimonia
2167 4305 2292 4370 iam
2348 4303 2500 4368 talia
2550 4301 2804 4378 habent,
2853 4301 2924 4365 ut
2959 4317 3118 4382 opus

214 4425 343 4471 non
392 4407 667 4473 habeant
710 4410 790 4474 ad
838 4409 1064 4476 altiora
1112 4411 1469 4490 ascendere,
1511 4410 1608 4475 vel
1657 4411 1763 4493 qui
1799 4411 1890 4476 ita
1932 4428 2151 4474 recens
2193 4408 2269 4472 ad
2309 4406 2671 4490 Capitulum
2706 4403 2911 4470 vocati
2949 4404 3117 4479 sunt,

215 4509 293 4573 ut
338 4527 447 4574 eos
494 4512 667 4591 optio
714 4512 1023 4596 attingere
1070 4533 1195 4579 non
1232 4514 1452 4597 possit,
1506 4514 1733 4597 privari
1781 4513 2009 4578 debent
2045 4511 2336 4578 omnibus
2383 4508 2823 4574 emolumentis
2871 4509 2933 4572 et
2970 4525 3122 4571 cou-

216 4613 638 4679 solationibus
677 4617 1125 4698 capitularibus
1176 4617 1243 4682 in
1279 4616 1554 4701 generali
1593 4617 1881 4700 Capitulo
1922 4616 2212 4681 distribui
2248 4613 2470 4691 solitis,
2514 4631 2714 4695 usque
2744 4612 2822 4677 ad
2853 4628 3122 4694 sequens

218 4718 514 4801 generale
563 4716 947 4802 Capitulum,
1000 4721 1189 4786 salvis
1234 4723 1443 4787 tamen
1509 4720 1968 4786 refectionibus„
2041 4717 2416 4784 Conceditur
2461 4715 2864 4781 nihilominus
2911 4715 3126 4780 taliter

220 4821 596 4889 absentibus
642 4842 753 4904 per
795 4823 917 4889 hoc
959 4825 1131 4890 idem
1178 4823 1498 4890 Statutum
1546 4823 1883 4902 excusatio,
1952 4822 2201 4888 nonnisi
2246 4822 2457 4886 tamen
2501 4820 2568 4884 in
2615 4818 2890 4902 generali
2937 4817 3121 4902 Capi-

219 4926 382 5006 tulo,
449 4928 551 4993 vel
614 4931 761 4995 aute
806 4929 1125 5010 optionem
1186 4929 1615 4993 immedietate
1675 4927 1997 5007 incidenti,
2069 4925 2403 5004 ordinario,
2472 4922 2880 5008 legitimanda
2931 4923 3121 4988 verbo

222 5031 602 5098 sacerdotali
666 5051 779 5116 per
822 5033 1060 5098 tactum
1120 5034 1425 5115 pectoris,
1495 5032 1662 5115 quod
1724 5031 1995 5097 abfuerit
2056 5029 2266 5111 aliqua
2310 5049 2382 5096 ex
2427 5027 2833 5112 sequentibus
2890 5025 3118 5104 causis,

221 5136 560 5200 nimirum:
630 5154 820 5202 causa
864 5137 1084 5218 pestis,
1135 5137 1307 5213 belli,
1358 5135 1797 5218 periculorum.
1866 5133 1997 5198 litis
2044 5133 2286 5198 ratione
2331 5132 2554 5196 iurium
2607 5131 2714 5195 aut
2759 5129 3124 5194 iniuriarum

222 5240 532 5306 ecclesiae
592 5245 721 5305 tam
767 5240 975 5319 huius,
1044 5261 1228 5325 quam
1280 5241 1557 5318 alterius,
1625 5239 1687 5301 in
1738 5237 1962 5319 quibus
2025 5236 2374 5319 personalis
2421 5237 2500 5299 ad
2546 5236 2894 5300 iuramenta
2941 5251 3118 5317 prae-
