4055 6364
3898 5 4018 535 l

978 972 1195 1047 Pater
1248 984 1517 1069 noster,
1574 973 1733 1049 Ave
1770 975 2025 1068 Maria,
2083 974 2341 1073 Cred0,
2404 960 2674 1051 Decem
2717 985 3137 1075 praccepta,
3199 974 3636 1051 Generalem
3701 1000 3872 1051 con-

973 1096 1361 1170 fessionem
1420 1106 1555 1171 etc.

1182 1214 1439 1293 Socios
1493 1220 1928 1295 visitationis
1981 1221 2320 1295 adhibeat
2379 1220 2716 1295 Decanos
2767 1221 3046 1296 rurales
3099 1229 3171 1293 et
3221 1221 3316 1295 iis
3371 1222 3874 1296 executionem

974 1340 1329 1433 comittat‚
1386 1341 1659 1415 maiora
1705 1342 2077 1441 Episcopo
2115 1344 2398 1436 referat,
2457 1342 2546 1417 ea
2598 1344 2766 1417 item
2823 1366 3005 1440 quae
3059 1342 3438 1417 emendata
3496 1352 3680 1431 sunt,
3744 1366 3870 1416 no-

975 1470 1077 1536 tet
1130 1471 1201 1536 et
1253 1462 1621 1560 Episcopo
1676 1472 2008 1561 exponat.

1184 1582 1645 1660 Ordinandos
1673 1588 2030 1660 examinet
2085 1598 2155 1661 et
2207 1588 2521 1661 nonnisi
2564 1585 2869 1661 idoncos
2915 1584 3302 1660 secundum
3344 1587 3870 1683 praescriptum

976 1705 1354 1781 Concilii
1406 1706 1896 1783 Tridentini
1954 1704 2134 1807 (Sec.
2194 1711 2310 1783 23.
2373 1707 2554 1807 Gap.
2611 1712 2661 1781 3
2717 1721 2784 1781 ct
2831 1706 3007 1805 seq.)
3048 1707 3414 1799 admittat,
3473 1722 3544 1781 ct
3595 1708 3656 1781 si
3697 1714 3870 1780 sunt

976 1829 1273 1905 alterius
1326 1830 1707 1905 Dioecesis
1756 1855 1912 1905 cum
1952 1833 2553 1907 dimissorialibus
2591 1832 2704 1906 sui
2748 1830 3135 1927 Episcopi3
3190 1827 3424 1926 pridie
3481 1828 3868 1903 ordinatio-

975 1952 1088 2025 nis
1142 1974 1389 2025 omnes
1460 1962 1843 2045 convocet,
1918 1963 1989 2027 et
2043 1977 2173 2049 per
2224 1977 2303 2028 se
2360 1954 2478 2028 vel
2522 1954 2740 2027 alium
2810 1952 3144 2027 idoneum
3207 1952 3543 2025 informet
3596 1949 3686 2025 dc
3743 1950 3858 2043 iis,

976 2096 1159 2168 quae
1196 2074 1574 2169 unicuique
1608 2076 1981 2171 proposita
2018 2099 2184 2149 esse
2222 2074 2524 2165 debent,
2579 2085 2814 2148 tamen
2871 2073 2962 2147 de
2996 2074 3112 2166 iis,
3155 2096 3340 2168 qnae
3397 2096 3856 2175 unumquem-

976 2218 1113 2291 que
1166 2196 1513 2293 impedire
1566 2197 1845 2284 solent,
1921 2200 2300 2293 quominus
2372 2196 2644 2271 ordinis
2699 2194 3236 2269 Sacramentum
3292 2196 3425 2269 rite
3489 2196 3860 2292 suscipiat.

976 2316 1140 2407 Qua
1192 2320 1264 2391 in
1318 2342 1420 2411 re,
1479 2315 1878 2393 Seminario
1932 2320 2336 2412 constituto,
2394 2342 2553 2393 cum
2607 2318 3034 2393 iuvabimus.

1184 2440 1278 2512 Et
1330 2440 1498 2535 quia
1552 2464 1639 2513 ex
1698 2440 2081 2538 privilegio
2136 2450 2208 2514 et
2263 2464 2627 2516 sacrorum
2685 2439 3056 2513 Canonum
3113 2440 3560 2536 praescripto
3616 2438 3858 2512 Theo-

973 2562 1213 2656 logiae
1272 2563 1386 2635 vel
1440 2563 1625 2637 Iuris
1680 2564 1955 2637 Doctor
2008 2587 2174 2638 esse
2212 2564 2464 2638 debet:
2523 2570 2808 2637 moneat
2860 2560 3337 2659 Capitulares‚
3396 2562 3460 2635 si
3513 2560 3684 2657 quid
3735 2559 3862 2631 fiat

975 2694 1225 2759 contra
1280 2682 1636 2779 Canones,
1695 2687 1760 2759 si
1798 2686 1963 2782 quid
2023 2694 2269 2759 contra
2321 2686 2768 2780 religionem,
2824 2684 2942 2757 vel
2980 2693 3228 2758 contra
3263 2690 3530 2757 rectum
3569 2682 3854 2758 cultum-

1181 2806 1269 2879 R.
1302 2808 1395 2881 I).
1456 2806 1943 2905 Praepositu8‚
2000 2809 2252 2883 tertius
2306 2808 2379 2882 in
2435 2808 2773 2881 Ecclesia
2809 2814 3054 2879 nostra
3091 2804 3492 2897 Praelatus,
3548 2804 3856 2877 officium

976 2931 1133 3002 eius
1185 2929 1258 3002 iu
1314 2930 1479 3004 aliis
1550 2930 1907 3006 Ecclesiis
1960 2930 2052 3004 ad
2110 2930 2534 3027 temporalia
2588 2938 2659 3004 ct
2711 2951 2819 3022 ea,
2895 2951 3080 3024 quae
3153 2936 3318 3001 sunt
3385 2927 3546 3017 fori,
3603 2950 3684 3001 se
3735 2948 3856 2999 ex-

976 3050 1219 3143 tendit,
1278 3050 1462 3125 sicut
1497 3052 1779 3125 Decani
1831 3050 1921 3125 ad
1980 3075 2087 3141 ea,
2138 3074 2321 3147 quae
2377 3059 2542 3125 sunt
2597 3049 2834 3124 chori:
2891 3048 3059 3123 ideo
3109 3049 3182 3123 in
3239 3048 3667 3145 quibusdam
3717 3048 3854 3121 Ec·

976 3172 1220 3247 clesiis
1275 3180 1593 3248 armatus
1647 3174 2184 3269 possessionem
2259 3173 2590 3250 beneficii
2645 3174 2755 3248 sui
2811 3172 3099 3269 accipit,
3157 3172 3577 3267 significans
3633 3197 3714 3248 se
3766 3169 3852 3246 ad

976 3295 1466 3370 defensionem
1520 3295 1867 3370 bonorum
1920 3306 2350 3394 promptum,
2408 3302 2878 3394 paratumque
2933 3318 3096 3368 esse
3152 3292 3420 3368 deberi.

1182 3415 1270 3489 R.
1306 3417 1394 3490 D.
1457 3414 1971 3511 ScholasticuS,
2013 3427 2311 3513 quartus
2345 3419 2418 3491 in
2458 3417 2794 3492 Ecclesia
2832 3425 3075 3490 nostra
3112 3416 3510 3506 Praelatus‚
3553 3413 3852 3490 Scholae

2145 766 2714 843 -246-

977 3545 1047 3612 et
1098 3537 1565 3612 institutionis
1638 3561 2018 3635 puerorum
2093 3563 2266 3614 cura
2347 3539 2439 3613 ad
2508 3562 2670 3614 eum
2742 3539 3079 3634 pertinet3
3151 3548 3231 3613 ut
3281 3539 3735 3612 instituantur
3782 3538 3850 3609 in

976 3657 1301 3733 doctrina
1373 3657 1786 3736 Christiana
1861 3670 1932 3736 et
1986 3664 2179 3736 omni
2241 3662 2526 3736 liberali
2593 3659 3017 3756 discipliua3
3091 3668 3167 3734 ut
3220 3683 3310 3732 ne
3363 3659 3698 3754 legantur
3749 3659 3850 3734 eis

975 3782 1318 3855 obscoeni
1374 3789 1444 3855 et
1493 3782 1567 3855 in
1622 3783 1765 3856 fide
1822 3787 2142 3881 suspecti
2195 3784 2575 3858 authores:
2631 3781 2797 3857 ideo
2853 3784 3129 3856 Doctor
3181 3782 3300 3856 vel
3351 3783 3536 3854 alias
3589 3780 3681 3854 ad
3734 3780 3848 3854 do·

980 3901 1283 3976 cendum
1336 3903 1641 3979 idoneus
1697 3927 1861 3978 esse
1917 3904 2151 3979 debet.
2209 3905 2452 3979 Habet
2505 3904 2951 3999 Magistrum,
3007 3905 3125 3978 cui
3177 3905 3338 4000 ipse
3375 3903 3615 3997 solvit,
3655 3924 3852 3998 quem

973 4025 1133 4121 ipse
1188 4026 1492 4100 instituit
1544 4032 1620 4100 ct
1670 4027 2011 4120 destituit,
2071 4026 2407 4124 Capitulo
2461 4037 2695 4101 tamen
2754 4027 3081 4100 consulto
3138 4033 3210 4098 et
3261 4026 3635 4122 requisito.

1180 4147 1268 4220 R.
1310 4149 1395 4220 D.
1457 4145 1749 4241 Cantor,
1809 4150 1931 4245 qui
1984 4153 2056 4222 in
2112 4146 2530 4224 Canonibus
2571 4149 3030 4223 Primicerius
3084 4146 3511 4245 appellatur,
3571 4148 3850 4244 quintus

972 4270 1049 4342 in
1085 4269 1421 4344 Ecclesia
1455 4267 1874 4365 Praelatus,
1914 4272 2037 4365 qui
2073 4273 2310 4345 cantui
2347 4279 2656 4367 praeest,
2697 4281 2773 4345 ut
2800 4271 2892 4345 ad
2921 4269 3538 4366 compunctionem
3567 4270 3852 4345 audien-

977 4391 1149 4464 tium
1207 4392 1304 4466 sit
1356 4394 1815 4489 compositus,
1890 4401 1967 4467 ut
2018 4394 2114 4467 sit
2166 4393 2494 4490 simplex,
2568 4393 2774 4468 festis
2844 4392 3312 4485 conveniens,
3387 4415 3527 4465 non
3583 4400 3852 4488 protra-

977 4520 1156 4604 ctus,
1213 4536 1353 4588 non
1406 4536 1779 4610 praeceps,
1836 4514 2017 4589 Eius
2073 4521 2182 4590 est
2216 4515 2530 4589 officium
2589 4515 2940 4588 Praelatis
2995 4511 3424 4608 antiphonas
3460 4513 3530 4586 in
3570 4512 3849 4610 Vespe-

977 4635 1079 4708 ris
1133 4643 1204 4708 et
1257 4635 1607 4709 Matutino
1646 4637 2087 4732 praecinere,
2151 4637 2499 4711 lectiones
2552 4637 2962 4711 diurnorum
3017 4644 3088 4711 et
3121 4644 3624 4711 nocturnorum
3681 4635 3852 4712 Offi-

978 4757 1246 4831 ciorum
1303 4758 1732 4833 distribuere
1754 4816 1771 4850 ,
1845 4759 2214 4856 Episcopo
2286 4760 2694 4834 celebrante
2766 4767 3048 4833 cantum
3119 4781 3413 4852 regere,
3489 4759 3683 4854 qnod
3735 4760 3854 4834 illa

978 4877 1418 4954 consuetudo
1472 4880 1764 4973 indicat,
1823 4904 1964 4976 qua
2018 4878 2324 4955 Gloria
2376 4882 2484 4954 in.
2514 4882 2886 4955 excelsis
2938 4881 3290 4977 praecinit
3341 4879 3732 4978 Episcopo.

1185 4999 1297 5076 Ad
1367 5003 1523 5076 eius
1591 5002 1760 5076 item
1816 5003 2127 5078 officium
2186 5003 2494 5100 pertinet
2548 5004 2976 5100 plebanatus
3031 5001 3367 5077 Civitatis
3421 5000 3853 5078 Oracovien·
4002 4991 4005 5046 Ψ

980 5126 1085 5198 sis
1146 5146 1286 5196 non
1342 5125 1745 5217 venientes,
1824 5125 1942 5197 vel
1996 5148 2137 5198 non
2195 5127 2558 5199 mittentes
2611 5126 2700 5199 ad
2761 5125 3264 5222 processiones
3319 5125 3526 5198 statis
3582 5133 3849 5225 tempo·

978 5246 1199 5340 ribus,
1256 5246 1643 5331 secundum
1702 5245 1979 5324 Statuta
2033 5247 2411 5324 Ecclesiae
2468 5247 2926 5325 Cathedralis
2979 5247 3252 5351 punire.
