4055 6364
2164 761 2732 839 -240—

999 969 1318 1066 delabra,
1373 971 1605 1068 panis,
1659 992 1879 1068 aqua,
1953 969 2199 1046 vinum
2252 980 2322 1047 et
2376 973 2520 1047 alia
2572 973 2661 1046 ad
2718 973 3146 1049 sacrificium
3202 975 3661 1072 pertinentia.
3728 973 3857 1051 Sub

997 1090 1136 1166 hae
1189 1115 1435 1168 mensa
1487 1093 1766 1167 labrum
1821 1095 2122 1168 sacrarii
2174 1117 2266 1168 ex
2316 1092 2561 1192 lapide
2615 1094 3043 1170 faciendum.

1206 1211 1494 1289 Cratem
1567 1237 1656 1288 cx
1721 1213 2134 1290 aurichalco
2196 1223 2362 1289 ante
2425 1215 2655 1290 maius
2720 1215 2967 1291 Altare
3022 1239 3154 1313 pro
3205 1215 3555 1312 dignitate
3626 1217 3855 1294 Eccle-

1001 1334 1154 1410 siae
1208 1338 1743 1411 constituemus,

1207 1457 1699 1550 Prohibemus,
1758 1482 1846 1531 ne
1900 1459 2063 1554 quis
2119 1459 2256 1534 nisi
2309 1457 2637 1536 Clericus
2687 1462 2760 1535 iu
2799 1462 3345 1560 presbyterium,
3400 1461 3565 1536 dum
3620 1459 3859 1536 Officia

1001 1578 1244 1653 divina
1298 1589 1755 1676 peraguntur,
1823 1580 2271 1674 ingrediatur
2322 1582 2458 1656 sub
2511 1606 2746 1680 poena
2800 1583 3571 1658 excommunicationis.

1205 1701 1292 1774 In
1347 1701 1566 1776 choro
1621 1701 1838 1776 stalla
1890 1726 2079 1775 nova
2133 1725 2263 1800 pro
2301 1703 2557 1798 Nobis,
2598 1705 2975 1798 Praelatis,
3016 1703 3405 1780 Canonicis
3459 1715 3531 1781 et
3564 1705 3860 1780 Vieariis

999 1823 1382 1898 Ecclesiae
1453 1831 1742 1898 nostrae
1813 1847 1974 1898 cum
2029 1825 2307 1920 reliquo
2362 1825 2564 1900 chori
2619 1837 2969 1924 apparatu
3024 1829 3469 1920 necessario,
3528 1829 3861 1902 veteribus

1001 1946 1328 2042 sublatis,
1389 1945 1986 2042 comparabimus.

1783 2266 1795 2274 ‚
1896 2169 2115 2255 circa
2168 2173 2436 2254 Altare
2491 2173 2565 2257 8.
2622 2174 3006 2258 stanislai.

1209 2381 1438 2454 Nemo
1489 2381 1852 2478 appendat
1917 2395 2302 2484 Αναθηματα
2346 2406 2472 2459 seu
2527 2393 2693 2458 vota
2748 2384 2840 2458 ad
2902 2385 3311 2458 memoriam
3379 2383 3453 2458 S.
3520 2382 3857 2476 Stanislai,

1001 2503 1142 2576 nisi
1195 2525 1354 2577 eum
1407 2504 1592 2577 scitu
1619 2503 2083 2580 Venerabilis
2137 2504 2479 2604 Capituli,
2538 2507 2715 2579 etin
2769 2505 3106 2602 Capitulo
3161 2506 3255 2580 sit
3302 2507 3510 2599 liber,
3566 2509 3635 2580 in
3673 2527 3857 2602 quem

1003 2623 1500 2698 describantur
1550 2625 1925 2721 beneficia,
1983 2649 2165 2722 quae
2223 2629 2427 2701 Deus
2480 2626 2571 2700 ad
2608 2628 3197 2702 intercessionem
3253 2625 3500 2702 Sancti
3540 2629 3859 2724 Martyris

1003 2753 1369 2841 praestare
1426 2746 1648 2840 solet,
1721 2754 1790 2821 et
1845 2755 2012 2822 vota
2070 2769 2253 2844 quae
2306 2747 2680 2824 beneficiis
2734 2749 2973 2823 affecti
3024 2748 3096 2823 in
3152 2750 3562 2824 memoriam
3614 2773 3857 2848 appen-

1003 2867 1172 2941 dere
1226 2868 1484 2946 solent.

1211 2988 1443 3064 Nemo
1509 2992 1665 3065 sine
1735 2991 2029 3066 licentia
2098 2999 2345 3066 nostra
2418 3000 2541 3066 aut
2608 2991 2884 3067 Vicarii
2954 2994 3185 3067 nostri
3252 2994 3326 3067 in
3398 2995 3683 3092 scriptis
3750 2993 3858 3066 ob·

1008 3117 1226 3206 tenta,
1285 3111 1374 3185 ad
1423 3109 1673 3187 Altare
1729 3109 1804 3187 S.
1844 3109 2186 3191 Stanislai
2241 3114 2610 3189 celebrare
2646 3115 3111 3210 permittatur,
3168 3123 3453 3213 praeter
3488 3115 3858 3207 Praelatos,

1005 3230 1414 3308 Canonicos
1467 3234 1846 3309 Ecclesiae
1898 3244 2189 3310 nostrae
2226 3234 2683 3311 Cathedralis
2736 3244 2809 3309 et
2862 3234 3219 3331 Vicarios,
3278 3237 3443 3312 dum
3480 3238 3715 3312 officia
3746 3260 3860 3312 sua

1004 3354 1407 3430 absolvunt.

2066 3582 2170 3662 ne
2226 3580 2483 3664 divinis
2540 3580 2852 3665 officiis.

1210 3787 1455 3863 Horae
1530 3788 1940 3863 Canonicae
2015 3814 2107 3865 ex
2158 3788 2534 3865 Breviario
2592 3791 2930 3891 ¹Romano
3004 3794 3075 3865 in
3132 3792 3351 3868 choro
3426 3792 3865 3868 decantentur

1009 3917 1079 3983 et
1133 3919 1335 3984 extra
1389 3911 1683 3985 chorum
1737 3912 2143 3988 recitentur.

1214 4029 1556 4107 Similiter
1647 4032 1982 4109 Officium
2056 4035 2141 4109 B.
2216 4034 2315 4109 M.
2396 4034 2724 4129 Virginis
2795 4043 2867 4108 et
2937 4033 3271 4111 Officium
3349 4035 3860 4129 defunctorum,

1005 4160 1151 4225 tam
1203 4152 1276 4226 in
1332 4152 1552 4227 choro
1606 4176 1819 4249 quam
1874 4164 2077 4230 extra
2149 4156 2444 4231 chorum
2515 4157 2903 4233 secundum
2970 4158 3269 4232 formam
3333 4157 3681 4233 Breviarii
3732 4158 3865 4233 Ro..
4010 4132 4012 4171 ⁹

1009 4273 1200 4346 mani
1251 4273 1399 4348 fiat.

1215 4378 1300 4450 In
1384 4378 1649 4454 Officio
1720 4381 2086 4472 matutino,
2163 4382 2278 4455 cui
2362 4382 2709 4457 Canonici
2777 4384 3127 4460 interesse
3186 4388 3449 4480 solent,
3522 4386 3661 4483 ipsi
3738 4382 3861 4481 Qa-

1009 4498 1250 4572 nonici
1300 4496 1687 4577 Lectiones
1744 4510 2025 4597 canant,
2081 4503 2492 4601 incipiendo
2546 4529 2590 4578 a
2644 4506 3040 4580 novissimo
3094 4508 3485 4583 secundum
3536 4506 3862 4605 receptio-

1009 4621 1209 4717 1iem3
1265 4622 1327 4695 si
1381 4645 1555 4697 vero
1595 4623 2005 4722 Episcopus
2043 4624 2256 4719 adsit,
2299 4650 2430 4700 sex
2480 4626 2866 4701 Lectiones
2922 4636 3183 4703 canant
3234 4626 3603 4723 Canonici,
3658 4628 3861 4725 septi·
4010 4720 4012 4725 .

1009 4764 1196 4814 mam
1277 4740 1654 4819 Praelatus
1729 4770 1772 4818 a
1826 4745 2139 4821 sinistris
2209 4748 2582 4841 assistens,
2667 4758 2991 4823 octavam
3068 4752 3420 4826 assistens
3486 4778 3530 4826 a
3592 4750 3863 4839 dextris,
4009 4776 4012 4891 i

1009 4883 1264 4937 nonam
1318 4865 1479 4961 ipse
1531 4866 1943 4965 Episcopus
2015 4869 2405 4945 secundum
2474 4871 2989 4969 praescriptum
3062 4871 3508 4948 Pontificalis
3558 4870 3865 4947 Romani.

1011 4983 1082 5055 A
1134 4994 1348 5059 cantu
1399 4994 1632 5061 autem
1688 4989 2207 5065 versiculorum
2261 4991 2336 5064 in
2390 4991 2909 5089 Responsoriis
2955 4992 3368 5070 liberantur.

1219 5103 1398 5180 Cum
1470 5106 1744 5182 Psalmi
1824 5110 1898 5183 in
1985 5108 2253 5187 Officio
2325 5110 2578 5188 diurno
2648 5114 2761 5187 vel
2835 5123 3185 5191 nocturno
3248 5124 3597 5191 canuntur
3668 5114 3866 5189 alter·
4009 5122 4012 5151 ³

1012 5226 1255 5320 natim,
1313 5250 1497 5303 unus
1550 5228 1815 5306 chorus
1887 5238 2070 5326 stet,
2142 5233 2324 5310 alter
2394 5232 2644 5309 sedeat
2694 5234 2789 5309 ad
2840 5236 3212 5313 militantis
3266 5247 3337 5313 ct
3388 5234 3867 5334 triumphantis

1013 5344 1392 5425 Ecclesiae
1445 5352 2014 5456 communionem
2067 5353 2609 5450 designandam.
