4055 6364
1359 789 1454 800 —-
1571 743 1715 820 155
1828 789 1926 799 --

189 955 463 1048 fuisset,
522 955 778 1028 domus
832 955 988 1028 eius
1043 960 1114 1026 et
1168 952 1342 1026 villa
1397 953 2041 1049 praestimonialis,
2100 978 2312 1050 quam
2370 981 2413 1028 a
2467 953 2804 1052 Capitulo
2860 954 3091 1052 possi-

191 1076 421 1169 debat,
461 1079 626 1174 ipso
651 1078 846 1152 facto
874 1074 966 1150 ad
997 1075 1544 1172 dispositionem
1575 1073 1893 1173 Capituli
1929 1075 2227 1169 rediret3
2269 1073 2623 1150 Statutum
2661 1077 2800 1150 hoc
2839 1083 3083 1149 exten·

191 1199 496 1274 dendum
549 1221 714 1274 esse
769 1199 1220 1273 declaramus
1275 1197 1368 1270 ad
1413 1219 1542 1272 eos
1597 1198 1830 1290 etiam,
1890 1197 2013 1293 qui
2068 1195 2445 1291 Abbatias,
2504 1198 3085 1296 Praeposituras,

190 1322 514 1418 aliasque
562 1322 939 1416 regulares
987 1320 1454 1394 Praelaturas
1504 1343 1967 1415 quascunque
2020 1320 2142 1394 vel
2188 1320 2261 1392 in
2308 1321 2583 1394 titulum
2633 1320 2752 1394 vel
2788 1321 2859 1394 in
2900 1343 3092 1394 eom·

189 1443 516 1518 mendam
569 1444 962 1540 accipiunt,
1015 1444 1118 1516 ita
1174 1441 1364 1538 quod
1419 1444 1658 1516 statim
1714 1443 1807 1516 ab
1863 1440 2129 1540 adepta
2185 1444 2653 1541 possessione
2707 1443 3091 1538 Abbatiae,

191 1564 746 1663 Praepositurae
805 1564 920 1640 vel
976 1565 1274 1639 alterius
1327 1565 1686 1660 regularis
1742 1565 2228 1661 cuiuscunque
2284 1565 2773 1659 Praelaturae,
2843 1563 3096 1640 domus

195 1696 262 1762 et
311 1689 830 1786 praestimonia
896 1687 1186 1762 illorum
1239 1688 1404 1784 ipso
1456 1688 1649 1762 facto
1712 1711 1976 1761 vacare
2046 1688 2563 1782 intelligantur,
2642 1688 2944 1763 liberum
3003 1688 3097 1762 sit

194 1808 528 1908 capitulo
577 1811 782 1909 ipsas
835 1810 1090 1884 domos
1140 1819 1210 1885 et
1245 1810 1461 1883 villas
1516 1810 2137 1907 praestimoniales
2193 1810 2357 1884 aliis
2411 1811 2753 1885 fratribus
2808 1809 2899 1884 de
2954 1807 3093 1884 Ca-

191 1933 416 2032 pitulo
471 1933 820 2007 conferre.
891 1931 1098 2023 Quae
1154 1931 1438 2028 quidem
1496 1933 1888 2006 declaratio
1943 1955 2075 2007 seu
2127 1931 2453 2006 extensio
2508 1939 2587 2005 ut
2636 1931 2913 2006 firmius
2968 1932 3094 2005 ob·

195 2063 538 2147 servetur,
591 2055 924 2130 volumus
977 2063 1056 2130 ut
1105 2055 1302 2128 circa
1354 2055 1838 2152 receptionem
1874 2055 1950 2128 in
1984 2055 2382 2129 iuramento
2436 2053 2618 2127 haec
2673 2055 2895 2128 verba
2949 2054 3093 2127 sin-

194 2177 344 2272 guli
399 2177 720 2252 Praelati
774 2188 846 2252 et
899 2174 1248 2250 Canonici
1304 2175 1611 2250 addant:
1698 2174 1958 2270 „Quod
2013 2177 2079 2250 si
2132 2176 2227 2283 ad
2278 2175 2797 2274 Episcopalem
2857 2175 3097 2270 Regni

193 2299 308 2372 vel
360 2299 820 2376 Abbatialem
875 2308 999 2374 aut
1051 2299 1611 2396 Praepositurae
1665 2297 2025 2394 regularis
2094 2297 2512 2394 dignitatem
2566 2298 2973 2372 nominatus
3028 2305 3099 2370 et

193 2422 656 2496 confirmatus
708 2422 913 2496 sucro
971 2430 1042 2494 et
1095 2424 1325 2495 caet.“

396 2542 816 2618 Bernardus
883 2542 1388 2618 Macieiowski
1441 2543 1854 2642 Episcopus
1909 2542 2419 2619 Cracoviensis
2476 2544 2821 2641 approbo.

1408 2854 1895 2956 CLXXIX.

194 3064 580 3148 statutum
659 3064 752 3147 de
823 3064 1157 3148 domibus
1233 3064 1790 3147 canonicalibus
1864 3082 2004 3145 non
2071 3062 2551 3146 arendandis.
2624 3063 2832 3146 Anno
2907 3064 3096 3147 1601.

1109 3189 1238 3291 uie
1293 3188 1636 3270 Mercurii
1689 3188 1736 3269 7
1793 3186 2193 3270 Februarii.

403 3399 747 3475 Pervenit
801 3399 892 3473 ad
949 3422 1162 3475 aures
1219 3423 1506 3473 suarum
1559 3398 2146 3473 Dominationum
2218 3396 2840 3496 Reverendarum,
2917 3423 3097 3475 non-

197 3521 439 3597 nullas
491 3521 962 3597 Reverendas
1015 3520 1563 3595 Dominationes
1618 3544 1710 3594 ex
1757 3522 1899 3594 isto
1955 3518 2291 3618 Capitulo
2348 3544 2519 3595 suas
2575 3522 2825 3597 domos
2881 3546 3096 3598 cano-

196 3644 474 3718 nicales
509 3644 920 3719 hominibus
959 3644 1455 3718 saecularibus
1492 3642 1907 3733 mendasse,
1955 3644 2030 3716 in
2067 3644 2314 3739 eisque
2370 3643 2683 3717 artifiees
2738 3667 3095 3739 servasse,

197 3768 722 3865 reparationem
777 3766 1266 3841 aedificiorum
1319 3766 1756 3859 neglexisse,
1815 3787 2084 3860 eosque
2120 3765 2378 3839 inillis
2430 3766 2908 3859 personaliter
2956 3789 3098 3839 non

200 3889 544 3981 residere,
601 3913 732 3986 per
785 3889 975 3985 quod
1031 3889 1382 3962 maximae
1436 3890 1715 3980 ruinae,
1776 3888 2037 3960 damna
2090 3896 2162 3960 et
2214 3887 2702 3962 desolationes
2756 3889 2864 3962 eis
2915 3889 3096 3962 infe-

201 4021 470 4085 runtur.
530 4009 843 4084 Proinde
896 4009 1305 4084 Reverendi
1359 4010 1654 4084 Domini
1707 4008 2164 4107 Capitulares
2200 4010 2271 4082 in
2310 4017 2673 4106 posterum
2731 4034 2948 4107 super
2982 4011 3099 4085 his

199 4131 584 4229 providere
637 4134 986 4222 volentes,
1045 4131 1517 4206 decreverunt
1570 4140 1644 4206 et
1679 4139 2100 4228 statuerunt,
2156 4139 2233 4206 ut
2286 4132 2587 4227 quilibet
2641 4131 3095 4209 Confi-atrum

202 4277 496 4331 suorum
572 4254 854 4329 domum
923 4254 1417 4329 'canonicalem
1490 4254 1768 4328 habens
1821 4262 1895 4327 et
1947 4252 2347 4327 Cracoviae
2410 4254 2722 4350 degens,
2795 4258 3102 4353 ipsemet

199 4377 273 4449 in
327 4402 419 4451 ea
475 4377 949 4473 personaliter
1001 4386 1306 4469 maneat,
1363 4384 1552 4451 tecta
1607 4386 1680 4450 et
1731 4378 1977 4450 ruinas
2029 4377 2227 4451 illius
2281 4400 2619 4475 reparare
2672 4402 2814 4453 non
2868 4380 3099 4474 negli-

199 4507 347 4592 gat,
407 4506 480 4573 et
510 4500 743 4596 ipsam
779 4500 957 4574 nulli
995 4522 1086 4574 ex
1121 4501 1453 4597 personis
1509 4500 2001 4575 saecularibus
2058 4500 2429 4594 arendare,
2485 4503 2620 4576 sub
2655 4524 2893 4598 poena
2929 4526 3096 4577 con-

201 4628 311 4694 tra
377 4621 846 4696 arendatores
915 4622 1248 4695 villarum
1321 4620 2006 4720 praestimonialium
2082 4623 2575 4698 saecularibus
2640 4625 2973 4720 personis
3026 4625 3098 4698 in

203 4738 487 4817 Statuto
542 4765 911 4841 expressa,
969 4744 1250 4818 audeat.
