4055 6364
1537 746 2009 825 ...q-.-

1711 957 1822 1058 X.

393 1166 502 1255 ue
555 1167 1062 1255 Procoseione
1118 1166 1215 1253 ad
1273 1163 2267 1373 Ecclesiamtrcatnodratcm
2324 1162 2903 1303 cracoviensem
2958 1162 3153 1253 cleri

1587 1307 1682 1372 ex
1762 1306 1956 1373 anon.

531 1516 770 1593 Decet
822 1525 900 1591 ut
949 1514 1290 1591 Ecclesia
1341 1521 1589 1590 nostra
1661 1514 2122 1591 Cathedralis
2194 1514 2402 1613 quasi
2473 1522 2915 1589 caeterarum
2985 1511 3224 1587 Mater

322 1647 402 1717 et
435 1638 822 1735 Magistra,
860 1636 956 1713 ab
992 1636 1160 1711 aliis
1193 1637 1658 1713 inferioribus
1695 1637 2065 1737 obsequiis
2118 1635 2383 1711 debitis
2436 1636 2847 1717 honoretur.
2902 1632 3223 1743 Ideoque

316 1760 696 1835 statuimus
773 1758 914 1833 hac
989 1758 1068 1832 in
1149 1766 1572 1861 perpetuum
1656 1756 2184 1835 Constitutione
2264 1758 2575 1833 valitura
2624 1758 3061 1853 sancimus,
3148 1765 3225 1832 ut

317 1880 822 1956 Ecclesiarum
891 1878 1246 1955 Rectores
1315 1880 1386 1953 in
1443 1880 1760 1976 Antiqua
1834 1888 1906 1954 et
1957 1880 2031 1955 in
2086 1880 2155 1957 N
2159 1903 2299 1955 ova
2368 1878 2683 1958 Civitate
2752 1878 3223 1957 cracoviensi

327 2027 422 2075 ac
472 2002 547 2077 in
603 1998 986 2077 Suburbiis
1036 2002 1354 2103 ipsarum
1424 2001 1768 2077 beneficia
1831 2001 2359 2079 Ecclesiastica
2410 2002 2839 2094 obtinentes,
2896 2001 2989 2077 ad
3042 2000 3221 2075 Pro-

317 2125 696 2199 cessiones
747 2122 1130 2197 Ecclesiae
1167 2124 1480 2199 Nostrae
1531 2124 1967 2223 praedictae,
2024 2123 2335 2221 singulis
2389 2123 2645 2198 diebus
2698 2122 3105 2197 Dominicis
3152 2131 3225 2197 et

315 2246 391 2320 in
447 2246 660 2321 festis
714 2244 1027 2319 Joannis
1083 2254 1154 2319 et
1205 2245 1438 2321 Marci
1491 2244 2150 2339 Evangelistarum,
2203 2244 2281 2319 in
2332 2242 2885 2349 RogationibuS,
2943 2241 3221 2318 Ascen-

317 2368 550 2442 sionis
589 2364 884 2458 Christi,
945 2366 1484 2464 Assumptionis
1543 2366 1622 2439 B.
1666 2366 1944 2440 Mariae
1981 2364 2333 2463 Virginis,
2390 2389 2523 2465 per
2575 2389 2680 2459 se,
2735 2366 2856 2439 vel
2910 2388 3040 2465 per
3090 2364 3219 2441 Vi-

316 2490 556 2564 carios
611 2512 807 2584 suos,
862 2489 1062 2563 iuxta
1113 2489 1476 2593 antiquam
1533 2488 2119 2563 consuetudinem
2176 2489 2423 2563 venire
2468 2495 2541 2564 et
2575 2488 2930 2565 interesse
2969 2511 3219 2589 super-

314 2611 672 2709 pilliciati,
727 2611 886 2685 sine
943 2610 1508 2685 contradictione
1558 2610 1830 2707 aliqua,
1881 2618 2277 2685 teneantur.
2338 2608 2521 2686 Cum
2573 2633 2707 2709 per
2756 2609 2898 2687 hoc
2948 2634 2995 2685 a
3046 2609 3220 2685 visi-

315 2733 589 2809 tatione
641 2731 1157 2808 Archidiaconi
1229 2732 1455 2807 nostri
1524 2730 2039 2809 Cracoviensis
2094 2731 2383 2831 penitus
2436 2738 2602 2807 sunt
2652 2732 2989 2836 exempti.
3070 2729 3217 2807 Ne·

315 2856 688 2953 gligentes
743 2878 937 2950 vero,
990 2878 1124 2955 pro
1163 2855 1486 2955 qualibet
1540 2854 1696 2929 vice
1752 2854 2257 2930 Processionis
2310 2853 2711 2953 neglectae,
2766 2876 2899 2957 per
2951 2851 3217 2931 Canto·

314 3001 468 3053 rem
521 2984 844 3053 nostrum
901 2978 1022 3053 vel
1057 2978 1214 3053 eius
1266 2976 1889 3073 Vicesgerentem,
1943 2977 2020 3051 in
2068 2977 2215 3051 olla
2266 2976 2439 3075 vini,
2494 2976 2681 3052 duos
2730 2998 3039 3075 grossos
3088 2976 3217 3063 bo-

311 3099 709 3175 hemicales
761 3099 1049 3174 valente
1103 3099 1509 3200 puniantur.
1605 3096 2196 3173 Contradictores
2249 3105 2323 3173 et
2373 3096 2689 3173 rebelles
2752 3120 2887 3202 per
2939 3094 3217 3175 Censu-

309 3245 468 3298 ram
541 3222 1112 3298 ecclesiasticam
1194 3245 1407 3322 quam
1481 3220 1712 3296 eidem
1796 3219 2094 3296 Cantori
2172 3219 2678 3324 praesentibus
2752 3205 3219 3297 concedimus

311 3343 744 3421 coercendo.
1011 3341 1016 3346 ’
3102 3343 3111 3353 ’

1667 3691 1826 3796 XI.

313 3903 423 3989 ue
461 3899 867 3986 tuton-dicto
905 3901 1062 3984 tam
1096 3901 1163 3985 ῑιι
1195 3899 1516 3986 civitate
1554 3919 1771 4004 quam
1811 3901 1880 3986 sn
1917 3899 2305 3990 sunm-nus
2351 3899 2837 3990 communitor
2865 3844 3213 3994 tonando.

517 4127 848 4204 Joannes
929 4129 1191 4202 Divina
1261 4137 1334 4204 et
1404 4129 1878 4228 Apostolicae
1971 4127 2187 4209 Sedis
2275 4131 2729 4231 providentia
2799 4129 3215 4228 Episcopus

313 4249 850 4326 Cracoviensis.
944 4249 1060 4322 Ad
1135 4258 1550 4348 perpetuam
1624 4253 2106 4350 praesentium
2180 4262 2254 4326 et
2302 4253 2699 4336 futurorum
2776 4252 3209 4326 memoriam.

312 4371 498 4448 Cum
551 4371 752 4447 iuxta
804 4393 1174 4448 sacrorum
1229 4369 1601 4446 Canonum
1657 4373 2068 4448 sanctiones
2122 4375 2443 4450 membra
2498 4399 2543 4460 a
2596 4375 2833 4472 capite
2888 4374 3215 4472 separari

312 4518 460 4570 non
517 4493 802 4587 debent,
859 4501 932 4569 ct
981 4494 1212 4590 turpis
1265 4493 1363 4570 sit
1399 4517 1588 4591 pars,
1645 4517 1830 4590 quae
1885 4518 2017 4570 suo
2056 4520 2199 4570 non
2234 4498 2570 4592 congruit
2619 4497 2981 4590 universo,
3038 4519 3215 4572 sane

311 4641 546 4715 nuper
595 4617 690 4690 ad
743 4624 1060 4692 nostram
1137 4616 1466 4713 pervenit
1535 4616 1968 4692 audientiam
1992 4676 2011 4713 ,
2086 4617 2278 4715 quod
2331 4617 2655 4706 nonnulli
2716 4618 3212 4696 Ecclesiamm

311 4739 664 4814 Rectores
719 4748 790 4812 et
843 4759 1088 4810 eorum
1143 4735 1706 4831 Vicesgerentes
1758 4740 1832 4812 in
1887 4737 2201 4815 Civitate
2254 4739 2747 4832 Cracoviensh
2804 4749 2877 4814 et
2914 4741 2987 4816 in
3026 4737 3211 4818 Sub-

311 4860 544 4934 urbiis
595 4859 828 4955 ipsius
892 4858 1407 4952 consistentes,
1461 4860 1536 4934 in
1591 4860 2097 4938 observatione
2151 4862 2689 4940 interdictorum
2744 4862 3211 4940 Ecclesiasti-

315 5005 560 5056 corum
617 4979 1047 5055 authoritate
1101 4977 1316 5056 Sedis
1367 4979 1838 5076 Apostolicae
1893 4985 2008 5058 vel
2066 4985 2462 5079 ordinaria,
2521 5008 2652 5060 seu
2705 4985 2967 5062 virtute
3021 4984 3211 5062 Con·

313 5103 630 5180 stitionis
684 5102 1164 5178 Provincialis
1219 5111 1340 5178 aut
1395 5105 1896 5182 Dioecesanae
1967 5107 2403 5204 positorum,
2476 5105 2859 5184 Ecclesiae
2922 5115 3211 5184 nostrae

315 5224 737 5302 Cathedrali
790 5233 864 5300 ct
913 5225 1201 5300 Matr-ici
1252 5225 1380 5302 illa
1436 5227 1774 5302 servandi
1847 5252 1928 5302 se
1992 5229 2440 5304 conformare
2510 5237 3007 5318 contemnunt,
3084 5251 3213 5325 per

315 5347 507 5446 quod
563 5347 892 5424 nimirum
955 5346 1485 5427 Ecclestastica
1537 5348 2002 5448 vilipenditur
2055 5374 2361 5430 censura
2414 5361 2487 5430 et
2538 5349 2923 5446 seandala,
2998 5374 3209 5448 quem
