4055 6364
2048 701 2607 782 ...236-

2098 947 2539 1051 CCXCVI.

981 1174 1380 1259 Decretum
1435 1175 1574 1256 vlm
1631 1173 1924 1258 statuti
1979 1175 2376 1258 continens
2432 1193 2667 1276 super
2722 1173 3299 1276 participatione
3354 1175 3665 1257 omnium

1035 1299 1520 1398 proventuum
1578 1297 1648 1378 in
1705 1297 2072 1396 Ecclesia,
2131 1297 2483 1381 serviens
2541 1296 3076 1379 ntuetr-issimis
3137 1295 3456 1379 nominis
3511 1296 3609 1379 ad

1238 1416 1592 1544 'tribunal
1636 1418 1860 1520 Reflnl
1917 1418 2339 1518 neputatls.
2414 1418 2623 1501 Anno
2680 1417 2876 1500 1744
2930 1419 3049 1500 die
3104 1417 3155 1500 6
3212 1417 3401 1499 lunii.

1083 1643 1700 1720 Reverendissimi
1771 1643 2066 1718 Domini
2138 1641 2455 1718 Praelati
2510 1652 2582 1719 et
2634 1641 3004 1736 canonici,
3062 1642 3513 1744 expediendo
3566 1645 3779 1738 vigo-

875 1791 1028 1844 rem
1079 1765 1472 1844 immediati
1539 1765 1906 1862 generalis
1970 1763 2288 1864 Capituli
2356 1767 2594 1862 quoad
2648 1765 3113 1842 Perillustres
3167 1775 3239 1840 et
3290 1765 3779 1841 Reverendis-

879 1889 1104 1966 simos
1168 1887 1593 1964 Tribunalis
1663 1887 1903 1982 Regni
1974 1888 2426 1984 Deputatos‚
2503 1889 2893 1962 Decretum·
2964 1889 3105 1962 vim
3180 1884 3443 1963 Statuti
3494 1886 3778 1962 habens

877 2013 1225 2104 tulerunt,
1297 2007 1704 2086 huiusmodi
1777 2005 2059 2084 Statuta
2130 2009 2429 2106 quaevis
2501 2006 2594 2082 ad
2648 2009 2911 2084 bonum
2984 2032 3355 2084 commune
3408 2009 3740 2084 ordinate.
3759 2069 3779 2103 ,

879 2133 1018 2208 etsi
1067 2133 1212 2206 vim
1265 2139 1654 2229 perpetuae
1696 2130 2221 2205 observationis
2282 2129 2551 2205 babere
2588 2129 2950 2220 deberent,
3008 2153 3142 2228 pro
3192 2132 3473 2205 ratione
3524 2139 3774 2206 tamen

879 2262 1276 2351 temporum
1330 2260 1405 2327 et
1454 2253 1904 2346 negotiorum
1978 2251 2343 2346 exigentia
2415 2253 2681 2327 variari
2743 2260 2865 2327 aut
2916 2253 2990 2326 in
3045 2253 3303 2328 melius
3354 2255 3525 2328 boni
3580 2275 3777 2328 eom·

876 2375 1114 2451 munis
1168 2375 1564 2465 reformari,
1619 2396 1763 2449 non
1811 2381 1922 2448 est
1973 2372 2575 2472 reprehensibile3
2632 2373 2932 2470 proinde
2968 2373 3583 2450 Reverendissimi
3620 2376 3777 2449 Do·

881 2498 1059 2572 mini
1107 2497 1184 2571 in
1236 2496 1586 2571 hodierno
1641 2494 1983 2594 Capitulo
2036 2497 2482 2591 congregati,
2539 2499 2801 2572 iustum
2856 2505 2927 2571 et
2981 2521 3286 2594 aequum
3340 2500 3780 2572 arbitrantes

881 2617 960 2694 id
1030 2617 1222 2716 quod
1293 2641 1338 2692 a
1389 2617 1756 2691 nonnullis
1828 2618 2164 2692 Dominis
2238 2619 2777 2716 Capitularibus
2848 2620 3297 2718 propositum
3368 2620 3625 2714 fuerat,
3700 2629 3785 2695 nt

879 2739 1348 2816 Pei-illustres
1418 2739 1713 2814 Domini
1783 2737 1878 2812 ad
1931 2739 2288 2815 Tribunal
2360 2741 2600 2836 Regni
2674 2743 3017 2838 Deputati
3090 2743 3227 2816 sub
3278 2750 3560 2839 tempus
3614 2743 3778 2817 fun-

881 2862 1142 2938 ctionis
1212 2884 1386 2936 suae
1457 2861 1959 2935 distributione
2031 2885 2121 2936 ex
2184 2861 2725 2938 Anniversariis
2776 2865 2851 2936 in
2906 2863 3045 2938 hac
3100 2862 3437 2937 Ecclesia
3490 2863 3786 2938 absolvi

881 2982 1140 3075 solitis,
1193 2979 1619 3076 gaudentes,
1678 2982 1886 3056 etiam
1943 3005 2035 3056 ex
2069 2983 2639 3059 accidentalibus
2676 2985 3211 3080 provenientiis,
3250 2993 3496 3082 utpote
3534 2995 3785 3060 strena

883 3113 956 3182 et
1007 3104 1176 3178 aliis
1228 3104 1567 3199 donariis,
1625 3104 2119 3180 consolatione
2175 3107 2369 3181 circa
2404 3108 2722 3182 rationes
2755 3108 3160 3202 generales,
3200 3107 3556 3203 virgultis,
3612 3131 3783 3205 par-

882 3227 1183 3325 ticipare
1255 3235 1328 3301 et
1397 3226 1654 3301 Mense
1724 3227 2115 3302 amicorum
2186 3228 2508 3323 gaudere
2562 3230 2887 3325 valeant3
2963 3252 3181 3326 super
3252 3230 3514 3325 quibus
3580 3230 3782 3303 facta

881 3350 1069 3425 inter
1139 3371 1218 3423 se
1273 3358 1519 3425 mutua
1588 3358 1661 3424 et
1716 3359 1992 3424 matura
2066 3349 2605 3445 deliberatione,
2684 3374 2912 3447 eoque
2966 3359 3257 3444 attento,
3317 3350 3509 3447 quod
3563 3374 3779 3448 prae-

883 3471 1014 3545 fati
1064 3470 1362 3545 Domini
1413 3471 1700 3545 Iudices
1760 3472 2107 3569 Deputati
2159 3473 2354 3546 eirca
2406 3471 3091 3547 administrationem
3144 3472 3461 3554 iustitiae
3512 3476 3785 3549 bonum

886 3616 1070 3690 opus
1123 3602 1532 3690 operantur,
1589 3591 2079 3691 honoremque
2128 3594 2749 3669 Reverendissimi
2807 3592 3124 3691 Capituli
3163 3596 3583 3691 plerumque
3633 3617 3785 3669 non

887 3715 1043 3789 sine
1096 3711 1478 3811 dispendio
1528 3716 1971 3791 fortunarum
2030 3724 2315 3813 portant
2368 3725 2442 3791 et
2494 3717 2871 3811 sustinent,
2928 3718 3287 3813 exquisito
3342 3717 3543 3814 prius
3576 3716 3781 3791 Emi-

885 3837 1287 3913 nentissimi
1373 3834 1785 3913 Cardinalis
1865 3838 2047 3914 Loci
2102 3836 2469 3913 Ordinarii
2546 3840 2658 3914 sui
2739 3838 2829 3912 de
2902 3839 3321 3937 praemissis
3392 3861 3634 3933 sensu,
3706 3848 3786 3913 et

886 3960 1179 4034 obtento
1250 3981 1382 4055 per
1433 3958 1722 4035 Literas
1785 3960 2131 4036 Eiusdem
2186 3960 2498 4035 Kielciis
2550 3961 2685 4035 sub
2743 3959 2859 4034 die
2916 3960 3009 4035 21
3068 3961 3299 4058 elapsi
3352 3958 3566 4035 Anno
3618 3984 3779 4035 cur-

885 4081 1072 4157 renti
1144 4078 1372 4174 datas,
1429 4102 1773 4178 expresso
1823 4104 2150 4176 assensu,
2206 4082 2500 4157 eosdem
2571 4082 3034 4159 Perillustres
3087 4081 3441 4157 Dominos
3490 4081 3783 4156 Iudices

885 4204 1293 4301 Deputatos
1345 4201 1440 4277 ad
1493 4202 2113 4300 participationem
2168 4228 2389 4301 supra
2440 4227 2949 4301 expressorum
3000 4204 3266 4279 abhinc
3314 4206 3393 4279 in
3444 4204 3779 4297 futurum,

889 4348 1034 4399 non
1087 4323 1538 4399 obstantibus
1593 4325 1968 4421 quibusvis
2038 4322 2339 4402 Statutis
2392 4335 2465 4401 et
2515 4328 2857 4402 Decretis
2910 4327 3431 4423 capitularibus
3479 4328 3557 4400 in
3608 4349 3782 4401 con-

889 4446 1183 4521 trarium
1261 4445 1455 4538 latis,
1535 4444 1856 4523 Decreto
1941 4449 2307 4544 praesenti
2376 4448 2519 4522 vim
2590 4445 2851 4523 Statuti
2930 4448 3241 4524 habente
3309 4448 3777 4543 admiserunt,

889 4574 1102 4666 prout
1151 4568 1551 4645 admittunt.
