4055 6364
2100 767 2667 845 -266-

940 973 1047 1042 Et
1109 975 1345 1060 quia,
1408 976 1501 1042 ut
1561 976 1645 1043 et
1704 974 1894 1060 ipsi.
1964 973 2149 1062 (Stat.
2193 975 2392 1060 XVI).

1146 1077 1425 1161 Quilibet
1466 1078 1817 1164 Episcopus
1863 1077 2294 1146 cracoviensis
2339 1096 2670 1164 processus
2718 1080 2783 1144 et
2819 1094 3118 1144 censuras
3163 1074 3444 1160 Capituli
3488 1097 3605 1145 non
3649 1099 3809 1146 revo-

940 1181 1128 1264 cabIt,
1148 1197 1159 1208 ·
1180 1183 1297 1250 sed
1336 1183 1651 1268 probabit

934 1372 1425 1446 statuimus
1485 1373 1747 1445 etiam
1794 1373 2178 1458 insuper.
2247 1373 2434 1460 (Stat.
2480 1373 2710 1458 XVII).

1140 1477 1331 1559 Item,
1376 1477 1730 1563 Episcopus
1768 1477 2202 1554 Crscoviensis
2263 1478 2538 1550 decimas
2599 1479 2666 1544 in
2714 1478 3040 1550 novalibus
3105 1479 3184 1552 ab
3228 1478 3504 1562 antiquis
3569 1497 3808 1546 consur·

934 1581 1177 1667 gentes,
1225 1601 1266 1647 a
1311 1581 1621 1648 Praelatis
1668 1581 1732 1648 et
1778 1580 2112 1650 Canonicis
2158 1579 2680 1650 Cracoviensibus
2727 1601 2852 1649 nen
2897 1581 3176 1666 recipiat.

932 1771 1035 1838 Et
1095 1772 1501 1858 quoniam
1564 1772 1815 1840 valde
1879 1774 2001 1839 est
2058 1772 2678 1858 periculosum.
2751 1771 2938 1858 (Stat.
2985 1771 3248 1856 XVIJI).

1140 1875 1324 1956 lun,
1372 1875 1724 1960 Episcopus
1770 1873 2205 1946 cracoviensis
2259 1879 2470 1946 castra
2513 1879 2578 1944 et
2619 1877 2924 1944 fortalitia
2985 1875 3423 1944 cracoviensis
3485 1876 3806 1962 Episcopa-

929 1981 1035 2053 tus
1080 1997 1207 2051 uon
1250 1979 1605 2052 committet
1646 1979 1811 2060 aliis,
1860 1980 1985 2048 nisi
2029 1979 2337 2048 Praelatis
2383 1983 2450 2048 et
2494 1978 2826 2049 Canonicis
2875 1979 2954 2048 ad
2999 1979 3496 2066 gubernandum.

924 2186 1183 2268 Item,
1252 2189 1473 2273 quod
1536 2207 1575 2254 a
1636 2189 2491 2273 praedecessoribus.
2561 2187 2749 2274 (Stat.
2795 2187 2996 2269 XIX).

1130 2293 1318 2374 Item,
1348 2293 1700 2379 Episcopus
1748 2289 2184 2360 Cracevieusis
2221 2293 2479 2378 gratias,
2513 2312 2624 2376 per
2657 2295 3176 2377 praedecessores
3213 2311 3364 2360 suos
3401 2293 3676 2376 personis
3709 2311 3798 2358 ec·

927 2396 1297 2469 clesiasticis
1342 2397 1568 2479 factas,
1618 2396 1881 2464 firmiter
1926 2398 1990 2462 et
2033 2396 2481 2465 inviolabiliter
2525 2397 2904 2466 observabit.

927 2583 1423 2666 Caeterum,
1492 2605 1669 2654 cum
1730 2604 2023 2654 omnes
2087 2585 2576 2654 teneantur.
2646 2586 2833 2670 (Stat.
2883 2587 3054 2671 XX).

1126 2691 1311 2770 Item,
1344 2691 1837 2774 quotiescunque
1864 2689 2214 2756 Ecclesiam
2261 2688 2738 2761 Cracoviensem
2779 2691 2846 2756 in
2882 2693 3016 2758 toto
3043 2690 3144 2758 vel
3170 2690 3236 2756 in
3273 2691 3452 2775 parte
3485 2689 3798 2764 aedificare

921 2793 1273 2880 contigerit,
1326 2795 1499 2861 dabit
1540 2795 1893 2880 Episcopus
1938 2794 2094 2862 duas
2139 2797 2372 2878 partes,
2423 2793 2778 2879 capitulam
2823 2793 3077 2861 tertiam
3123 2813 3235 2880 pro
3279 2794 3532 2862 fabrica.

1096 2903 1149 2942 Ο

920 2985 1158 3070 Item,
1206 3003 1387 3054 cum
1432 3003 1471 3050 a
1515 2983 1767 3052 nobis
1833 2983 2022 3067 (Stat.
2073 2985 2274 3066 XXI).

1126 3090 1312 3170 Item,
1355 3090 1507 3158 dum
1543 3089 1871 3156 Praelatos
1920 3091 1983 3156 et
2027 3089 2376 3159 canonicos
2408 3089 2473 3156 in
2511 3090 2716 3158 curias
2755 3089 3141 3174 episcopales
3187 3089 3562 3160 descendere
3603 3089 3794 3159 conti-

917 3194 1102 3282 gerit,
1151 3197 1585 3280 procuratores
1634 3194 1942 3261 curiarum
1988 3196 2280 3261 tenentur
2325 3214 2435 3261 eos
2480 3194 2772 3278 expensis
2817 3194 3208 3275 necessariis,
3257 3195 3434 3261 iuxta
3465 3194 3795 3261 decentiam

916 3301 981 3366 et
1025 3300 1493 3368 observantiam
1534 3300 1831 3379 veterem,
1879 3318 2234 3383 procurare.

921 3492 1390 3559 Praeterea
1446 3490 1947 3559 statuimus.
2025 3490 2212 3581 (Stat.
2263 3490 2499 3573 XXII).

1086 3595 1271 3677 Item,
1340 3595 1395 3663 si
1456 3596 1839 3679 Episcopum
1886 3597 1951 3661 et
1996 3596 2356 3679 Capitulum
2419 3594 2830 3661 Cracoviense
2893 3594 3104 3676 aliqua
3149 3593 3406 3679 negotia
3449 3592 3636 3659 ardua
3679 3592 3790 3657 Ec·

916 3699 1145 3767 clesiae
1188 3700 1357 3785 apud
1402 3697 1663 3785 Papam,
1712 3700 1950 3786 Regem
1998 3701 2062 3767 et
2104 3699 2428 3783 Principes
2475 3699 2762 3783 expedire
2781 3747 2798 3779 ,
2849 3717 3215 3781 promovere
3238 3746 3255 3777 ,
3305 3698 3408 3767 vel
3452 3698 3792 3765 vexationes

914 3802 1219 3873 redimere
1264 3804 1627 3887 contigerit,
1695 3804 2096 3871 medietatem
2144 3805 2508 3887 sumptuum
2555 3802 2902 3887 praestabit
2944 3802 3316 3887 Episcopus,
3374 3802 3630 3869 alteram
3675 3798 3791 3865 Ca·

908 3906 1180 3990 pitulum
1226 3907 1292 3973 et
1334 3907 1561 3986 clerus,
1610 3926 1723 3991 pro
1770 3926 1895 3991 qua
1940 3908 2248 3993 exigenda
2293 3907 2547 3974 assistet
2595 3906 2884 3992 Capitulc
2929 3906 3306 3991 Episcopus.

909 4096 1279 4165 Tandem
1344 4097 1843 4167 statuimus.
1914 4098 2100 4183 (Stat.
2152 4098 2414 4181 XXIII).

1084 4200 1297 4281 ‚Item,
1346 4201 1697 4285 Episcopus
1745 4221 1868 4269 non
1912 4202 2196 4285 imponet
2238 4200 2485 4284 aliquas
2531 4202 2828 4270 collectas
2873 4201 2936 4267 in
2981 4201 3251 4280 clerum,
3313 4200 3453 4269 sine
3495 4216 3786 4267 consensu

908 4301 1224 4389 Capituli,
1274 4306 1383 4391 qui
1428 4305 1574 4391 (sic)
1621 4306 1949 4389 pecuniam
1997 4307 2063 4371 in
2109 4306 2438 4376 ecclesiam
2483 4307 2789 4389 reponent
2832 4304 3254 4373 recollectam.
3339 4304 3476 4373 Nec
3521 4322 3787 4373 remane·

904 4407 1083 4491 bunt,
1132 4409 1253 4479 uisi
1301 4409 1379 4477 de
1426 4428 1735 4478 consensu
1782 4408 2079 4494 Capituli,
2127 4408 2228 4475 vel
2273 4410 2354 4475 ad
2400 4408 2608 4475 minus
2656 4410 3152 4492 procuratorum.

908 4612 1353 4690 Caeterum
1399 4617 1847 4699 statuimus,
1896 4617 2100 4701 quod
2147 4616 2417 4683 vicarii
2461 4615 2859 4684 Ecclesiae
2906 4618 3236 4686 nostrae.
3307 4614 3502 4699 (Stat.
3539 4612 3784 4695 XXIV).

1108 4718 1211 4791 As
1274 4721 1572 4789 ecclesias
1637 4722 2025 4804 parochiales
2096 4722 2175 4787 de
2219 4721 2559 4790 collatione
2607 4718 2900 4805 Capituli,
2943 4738 3070 4791 non
3117 4719 3350 4789 debent
3391 4718 3502 4787 alii
3547 4736 3785 4805 promo·

903 4823 1055 4903 veri,
1105 4826 1228 4890 nisi
1273 4824 1506 4906 vicarii,
1554 4826 1656 4891 vel
1702 4825 1952 4892 scholae
1982 4825 2300 4908 magister.
2339 4824 2460 4891 Sed
2489 4824 2762 4908 promen·
2805 4824 3096 4894 tenentur
3139 4822 3406 4891 vicarias
3449 4824 3518 4891 et
3557 4821 3784 4901 altaria,

904 4945 1066 5012 quae
1110 4929 1524 4995 communiter
1564 4930 1665 4996 vel
1713 4928 1959 4995 divisim
2007 4930 2072 4995 in
2117 4928 2403 4996 Ecclesia
2445 4927 2842 4996 cracoviensi
2888 4928 3194 5007 obtinent,
3246 4927 3582 4994 dimittere.

900 5131 1099 5207 Cunt
1138 5136 1598 5203 secundum
1643 5135 2077 5219 legitimas
2125 5134 2481 5203 Sanctio
2507 5154 2676 5203 nes.
2729 5134 2916 5221 (Stat.
2965 5134 3164 5219 ΧΠ).

1107 5238 1381 5307 Praelati
1448 5242 1515 5307 et
1558 5238 1853 5309 Canonici
1917 5239 2362 5306 Cracovienses
2427 5240 2688 5306 liberam
2753 5240 3028 5311 habeant
3089 5240 3168 5311 de
3229 5240 3416 5311 rebus
3463 5236 3786 5311 mobilibus

902 5342 1174 5408 testandi
1200 5344 1601 5426 potestatem,
1651 5346 2087 5427 procuratores
2127 5343 2398 5427 Capituli
2436 5344 2515 5410 de
2553 5343 2733 5411 bonis
2771 5344 3210 5409 intestatorum
3247 5362 3316 5414 se
3353 5342 3784 5423 intromittant,
