4055 6364
2115 805 2221 824 ...
2327 761 2383 844 σ
2478 807 2585 824 ....

2223 971 2467 1076 VIII.

998 1180 1102 1264 De
1159 1179 1650 1264 revocatione
1703 1177 1994 1263 Statutl
2048 1179 2247 1263 facti
2300 1199 2535 1283 cuper
2588 1181 3137 1266 Provicionibus
3192 1185 3683 1269 necimarum.

1097 1389 1278 1467 Cum
1317 1391 1658 1466 Ecclesia
1691 1401 1939 1466 nostra
1972 1415 2107 1489 pro
2146 1392 2661 1490 supportandis
2697 1395 3039 1469 oneribus
3072 1406 3146 1470 et
3182 1397 3495 1489 negotiis
3546 1397 3796 1472 arduis

891 1513 1366 1612 expediendis
1405 1513 1607 1610 quae
1659 1513 2043 1610 plurimum
2096 1515 2517 1589 incumbunt
2569 1527 2641 1588 et
2692 1539 2819 1611 pro
2874 1515 3261 1590 officianda
3312 1519 3477 1614 ipsa
3532 1518 3795 1592 Eccle-

889 1635 1023 1731 sia,
1075 1637 1151 1712 in
1205 1637 1398 1725 vino,
1455 1659 1646 1728 cera,
1705 1637 1868 1710 oleo
1911 1645 1988 1710 et
2021 1636 2395 1710 solvendis
2432 1634 2808 1728 Ministris,
2867 1639 3151 1731 magnis
3186 1638 3513 1734 indigeat
3548 1665 3791 1738 sump-

887 1759 1082 1834 tibus
1117 1767 1192 1834 ct
1229 1759 1594 1856 expensis,
1652 1759 2065 1854 statuimns3
2121 1767 2200 1832 nt
2252 1757 2601 1832 Decimae
2656 1756 2748 1830 ad
2786 1767 3106 1834 nostrum
3162 1757 3575 1857 Capitulum
3628 1785 3793 1860 per-

887 1882 1224 1974 tinentes,
1279 1880 1344 1954 si
1381 1901 1568 1977 quae
1623 1903 1812 1956 nunc
1863 1889 2129 1954 vacant
2162 1889 2287 1955 aut
2322 1903 2479 1955 cum
2540 1881 2974 1974 vacaverint,
3034 1881 3251 1956 nullis
3300 1883 3793 1977 singularibus

891 2003 1246 2101 personis,
1305 2001 1400 2077 de
1436 2011 1724 2078 caetero
1779 2001 2289 2094 concedantur,
2346 2023 2531 2098 quas
2582 2025 2675 2076 ex
2712 2025 2898 2076 nunc
2950 2024 3083 2098 pro
3124 2005 3625 2081 communibus
3656 2007 3790 2081 uti·

886 2122 1216 2199 litatibus
1268 2135 1342 2198 et
1393 2123 1708 2219 negotiis
1759 2123 2147 2200 Ecclesiae
2201 2131 2492 2198 nostrae
2544 2145 3023 2200 reservamus.

2269 2451 2421 2553 IX.

1272 2659 1410 2745 'De
1466 2682 1607 2744 non
1659 2658 2039 2744 faciendis
2092 2659 2404 2762 amplius
2460 2657 2851 2744 canonicis
2905 2660 3369 2763 uratialibua

1093 2872 1452 2965 Quoniam
1521 2871 1874 2947 infinitas.
1912 2879 1985 2946 et
2054 2870 2430 2946 multitudo
2504 2894 2813 2947 onerosa
2883 2869 3130 2948 Sacris
3200 2883 3311 2948 est
3362 2873 3781 2952 Canonibus

881 2997 1192 3091 inimica,
1250 2996 1518 3071 decens
1557 3005 1672 3071 est
1705 3005 1774 3070 et
1810 2995 2211 3088 honestum,
2258 2995 2359 3068 ut'
2383 2995 2725 3087 congruis
2761 2996 3099 3070 remediis
3153 2997 3428 3070 ratione
3486 3001 3781 3094 praevia

878 3120 1298 3195 refrenetur.
1358 3114 1548 3193 Sane
1587 3116 1850 3193 dudum
1905 3140 2038 3215 per
2074 3115 2251 3207 Nos,
2312 3123 2385 3191 et
2426 3115 3038 3193 praedecessores
3091 3129 3400 3213 nostros,
3458 3121 3781 3197 nonnulli

881 3240 1151 3317 Clerici
1204 3242 1296 3315 ad
1351 3241 1958 3339 importunitatem
2014 3240 2404 3337 petentium
2460 3239 2535 3313 in
2592 3238 3001 3315 Canonicos
3056 3240 3434 3316 Ecclesiae
3490 3252 3777 3317 nostrae

879 3361 1340 3439 cathedralis
1363 3420 1382 3456 ,
1467 3363 1655 3437 ultra
1709 3359 2064 3436 Statutum
2144 3360 2640 3435 Praelatorum
2714 3370 2785 3437 et
2838 3360 3363 3437 Canonicorum
3445 3364 3777 3459 Triginta

878 3508 1009 3559 sex
1063 3509 1528 3583 personarum
1585 3508 1950 3559 numerum
1978 3541 1996 3578 ,
2056 3484 2339 3557 fuerant
2392 3484 2660 3578 recepti
2684 3541 2701 3575 ,
2758 3508 2890 3581 per
2942 3507 3237 3581 quorum
3294 3486 3773 3583 receptionem

877 3630 1016 3682 non
1092 3608 1324 3682 solum
1397 3630 1646 3683 mensa
1717 3605 2223 3706 Episcopalis‚
2300 3604 2430 3679 scd
2506 3615 2578 3679 et
2632 3602 3043 3703 Capitulum
3119 3616 3439 3681 nostrum
3494 3608 3592 3681 in'
3625 3610 3775 3685 suis

873 3726 1180 3834 Juribus
1231 3738 1304 3803 et
1356 3728 1757 3805 redditibus
1810 3751 1953 3803 uon
2007 3714 2361 3803 modicum
2416 3731 2925 3824 gravabantur.
2994 3727 3314 3824 Ideoque
3368 3727 3775 3805 huiusmodi

875 3850 1411 3948 receptionibus
1467 3848 1990 3925 Canonicorum
2030 3848 2415 3946 superfluis
2460 3874 2547 3924 ac
2584 3850 2932 3944 onerosis,
2990 3850 3149 3925 Nos
3204 3872 3360 3924 cum
3397 3849 3773 3926 Fratribus

875 3970 1143 4048 nostris
1196 3973 1384 4047 viam
1441 3971 1908 4072 praecludere
1963 3972 2357 4069 cupientes,
2417 3972 2793 4046 statuimus
2848 3995 3127 4046 exnunc
3181 3972 3599 4047 iuramentis
3644 3994 3770 4047 no·

877 4093 1046 4169 stris
1104 4092 1476 4187 firmando,
1521 4092 1726 4191 ,quod
1782 4092 1872 4167 de
1927 4102 2215 4168 caetero
2272 4092 2510 4167 nullus
2564 4094 2850 4169 omnino
2907 4092 3236 4167 Clericus
3290 4094 3775 4191 cuiuscunque

874 4224 1105 4295 status
1157 4215 1276 4290 vel
1331 4214 1763 4292 conditionis
1817 4215 2080 4289 existat
2130 4215 2202 4288 in
2257 4214 2626 4312 praedicta
2678 4214 3018 4289 Ecclesia
3072 4222 3346 4304 nostra‚·
3404 4216 3541 4290 sub
3597 4240 3769 4313 qua·

873 4361 1151 4433 cunque
1189 4338 1419 4411 forma
1453 4337 1574 4411 vel
1610 4336 1853 4412 colore
1902 4337 2304 4426 verborum,
2359 4336 2747 4434 recipiatur
2788 4337 2860 4410 in
2900 4334 3340 4411 Canonicum
3394 4338 3769 4431 gratialem

874 4468 946 4533 et
996 4458 1070 4532 in
1123 4457 1476 4533 Fratrem.
1570 4455 1652 4535 Si
1705 4480 1878 4533 vero
1935 4481 2149 4532 secus
2214 4458 2477 4532 factum
2535 4458 2752 4532 fuerit
2778 4514 2795 4549 ‚
2865 4455 3101 4531 taliter
3152 4467 3446 4555 recepto
3502 4458 3771 4533 nullum

872 4577 1014 4656 Jus
1066 4579 1510 4657 Canonicum
1579 4603 1710 4678 per
1777 4580 1992 4655 talem
2066 4580 2549 4676 receptionem
2622 4580 2910 4677 penitus
2982 4578 3411 4674 acquiratur,
3491 4602 3625 4653 nec
3677 4580 3770 4654 ab

870 4700 1037 4777 aliis
1088 4704 1164 4777 in
1219 4702 1461 4778 Choro
1516 4710 1588 4776 et
1641 4700 1980 4803 Capitulo
2036 4725 2168 4798 pro
2224 4700 2595 4777 Canonico
2648 4700 3020 4777 habeatur.
3093 4699 3239 4775 Per
3288 4699 3478 4775 hanc
3531 4709 3769 4776 tamen

871 4822 1479 4900 Constitutioncm'
1546 4831 1858 4899 nostram
1929 4823 2281 4898 hactenus
2352 4825 2665 4921 receptis
2738 4822 3131 4899 Canonicis
3199 4824 3630 4918 gratialibus
3694 4824 3768 4898 in

869 4942 1122 5023 eadem
1179 4946 1516 5027 Ecclesia
1568 4954 1815 5022 nostra
1872 4945 2202 5022 nolumus
2252 4946 2543 5044 aliquod
2581 4947 3093 5045 praeiudicium
3146 4968 3519 5041 generare,
3576 4944 3769 5041 quod

867 5076 1105 5145 autem
1147 5067 1410 5153 ‚Nobis
1477 5066 1700 5171 licere
1772 5092 1916 5143 non
1976 5070 2309 5166 patimur,
2366 5068 2635 5144 nostris
2707 5065 3268 5144 successoribus
3339 5067 3761 5144 indicamus.
