4055 6364
2071 746 2640 821 —284—

1120 954 1477 1021 Eiusdem
1534 953 2085 1019 Illustrissimi
2139 951 2556 1019 Grothonis
2613 952 2701 1018 de
2748 953 3224 1036 exemptione
3275 952 3813 1018 Praelatorum

916 1059 987 1125 et
1033 1056 1591 1125 Canonicorum
1636 1057 2039 1123 Ecclesiae
2085 1055 2583 1123 cathedralis
2631 1054 3201 1135 Cracoviensis‚
3253 1075 3290 1121 a
3331 1056 3814 1121 iurisdictio-

914 1182 1005 1229 ne
1066 1164 1501 1248 quorumvis
1556 1162 1903 1228 Indicum
1978 1160 2637 1238 dioecesanorum,
2719 1160 3024 1243 praeter
3089 1159 3646 1225 authoritatem
3710 1178 3819 1225 or-

917 1267 1295 1333 dinariam
1358 1265 1618 1351 (Statut.
1666 1265 1838 1349 XII).
1885 1267 2023 1331 Hoc
2068 1266 2132 1329 in
2179 1284 2297 1330 usu
2344 1268 2408 1329 et
2451 1264 2748 1331 continua
2794 1264 3229 1331 observatione
3274 1265 3392 1331 est.

1122 1458 1344 1525 Eidem
1390 1457 1639 1523 Statuto
1688 1476 1802 1539 per
1844 1456 2252 1540 appendicem
2299 1454 2658 1539 appositum
2705 1455 2804 1520 est
2873 1454 3046 1521 aliud
3091 1453 3479 1521 Statutum
3509 1452 3574 1539 ¹¹²)
3616 1454 3808 1519 eius·

916 1564 1079 1631 dem
1123 1563 1676 1631 Illustrissimi
1723 1560 2157 1630 Grothonis
2205 1578 2516 1643 poenam
2561 1560 3032 1645 privationis
3079 1560 3416 1625 omnium
3461 1559 3818 1625 refectio-

784 1671 803 1687 *
916 1688 1085 1735 num
1165 1686 1299 1751 per
1370 1685 1708 1733 mensem
1789 1666 2173 1747 integrum
2246 1662 2661 1729 decernens
2745 1664 2817 1729 in
2885 1662 3350 1729 Canonicum
3435 1664 3825 1730 nolentem

917 1772 1315 1856 suscipere
1387 1790 1604 1850 onus,
1680 1768 2026 1852 aliquod
2106 1769 2505 1853 negotium
2596 1767 2972 1833 ecclesiae
3046 1768 3395 1832 tractand
3428 1788 3584 1848 um,
3663 1786 3818 1851 quae

915 1875 1247 1961 Appendix
1292 1895 1403 1961 per
1437 1893 1736 1958 praesens
1782 1874 2074 1957 generale
2121 1870 2476 1955 Capitulum
2523 1872 2956 1951 reassumitur,
3007 1870 3452 1937 inviolabiliter
3489 1872 3814 1937 servanda.

1124 2068 1229 2135 De
1275 2068 1621 2150 tempore
1682 2065 2097 2149 ingressus
2164 2063 2253 2128 ad
2319 2060 2780 2145 Capitulum
2837 2062 3095 2147 (Statut.
3149 2062 3464 2140 LXXIII),
3537 2061 3820 2145 obligans

918 2169 1313 2255 Capitulares
1372 2170 1608 2236 intrare
1656 2168 2017 2252 Capitulum
2064 2168 2210 2249 post
2253 2166 2681 2232 Elevationem
2719 2165 2964 2231 Missae
3032 2168 3353 2245 maturae;
3429 2184 3572 2230 curn
3619 2166 3824 2229 autem

917 2275 1228 2341 eiusmodi
1273 2275 1507 2340 Missae
1554 2292 1666 2357 pro
1704 2273 2068 2341 diversitate
2116 2262 2513 2337 occasionum
2560 2270 2898 2353 aliquando
2947 2272 3150 2349 citius,
3203 2270 3538 2353 aliquando
3588 2269 3822 2334 tardius

923 2378 1225 2445 celebrari
1262 2376 1719 2455 consueverint,
1771 2395 1883 2459 pro
1923 2376 2143 2441 maiori
2193 2376 2636 2440 commoditate
2685 2374 3160 2457 capitularium,
3211 2375 3492 2439 decernit
3527 2392 3822 2456 praesens

920 2482 1209 2568 generale
1258 2480 1637 2565 Capitulum,
1706 2484 1777 2546 ut
1822 2482 1977 2546 hora
2022 2498 2186 2545 nona
2234 2480 2542 2545 matutina
2603 2479 3184 2562 indispensabiliter
3235 2478 3689 2564 ingrediantur.
3758 2475 3822 2539 Si

922 2587 1029 2669 qui
1085 2585 1327 2651 tardius
1392 2585 1698 2662 venerint,
1788 2602 2082 2650 excusare
2147 2584 2478 2647 teneantur
2543 2583 2853 2648 eiusmodi
2917 2584 3302 2668 neglectum,
3375 2575 3532 2648 alias
3597 2581 3820 2663 privari

924 2690 1158 2756 debent
1220 2688 1512 2754 omnibus
1578 2688 2128 2754 distributionibus
2190 2687 2361 2752 illius
2423 2686 2565 2752 diei.
2637 2687 2721 2751 Et
2795 2688 3046 2770 insuper
3112 2688 3284 2751 iuxta
3347 2686 3822 2769 dispositionem

920 2792 1152 2860 Statuti
1190 2791 1493 2873 CCXXX,
1529 2812 1712 2858 nemo
1761 2793 2118 2877 egrediatur
2154 2810 2187 2856 e
2225 2789 2514 2875 Capitulo
2557 2790 2690 2855 sine
2719 2792 2890 2874 gravi
2930 2809 3118 2857 causa
3157 2793 3220 2855 et
3254 2790 3510 2855 licentia
3545 2790 3818 2872 accepta.

1129 3001 1234 3066 De
1291 3000 1710 3066 Interdicto
1755 3002 1907 3064 tam
1962 3001 2042 3064 in
2091 2998 2475 3077 Civitate,
2549 3017 2772 3080 quam
2837 3000 2911 3062 in
2961 2999 3344 3064 suburbiis
3411 2996 3824 3062 communi-

922 3109 1032 3173 ter
1098 3104 1489 3171 servando
1546 3104 1805 3186 (statut.
1850 3105 1990 3188 XI),
2046 3104 2408 3188 disponenS,
2460 3103 2533 3167 ut
2575 3102 2906 3167 interdicta
2949 3101 3232 3167 Ecclesia
3275 3101 3539 3167 Matrice
3588 3098 3824 3165 Cathe-

924 3201 1107 3289 drali,
1154 3210 1521 3276 interdictae
1570 3209 1697 3274 sint
1740 3209 1899 3274 aliae
1947 3209 2250 3274 ecclesiae
2307 3209 2471 3272 intra
2519 3208 2581 3270 et
2618 3209 2788 3272 extra
2825 3208 3072 3271 moenia
3119 3205 3411 3270 Civitatis
3458 3205 3826 3270 Cracovien-

923 3315 1032 3381 siS.
1082 3313 1263 3394 Quod
1306 3314 1519 3395 ipsum
1566 3313 1939 3378 confirmans
1988 3313 2156 3376 extat
2202 3314 2264 3376 et
2301 3312 2473 3376 aliud
2521 3309 2839 3376 Statutum
2885 3310 3234 3393 (LXVIII).
3287 3309 3385 3376 Ne
3423 3311 3631 3376 autem
3667 3309 3828 3373 tem-

923 3438 1072 3502 pore
1108 3409 1453 3497 Interdicti‚
1486 3417 1855 3483 Beneficiati
1882 3416 1945 3481 in
1982 3417 2268 3481 Ecclesia
2307 3414 2666 3480 Cathedrali
2704 3416 2768 3480 et
2797 3414 3162 3494 collegiatis
3200 3433 3272 3478 ac
3333 3413 3820 3495 ParochialibuS,

923 3541 1038 3588 nec
1075 3541 1199 3587 non
1238 3519 1791 3600 conventualibus,
1844 3521 2200 3584 existiment
2247 3539 2313 3584 se
2349 3520 2580 3584 liberos
2619 3538 2757 3583 esse
2804 3520 2882 3584 ab
2922 3518 3142 3583 officiis
3188 3539 3260 3583 ex
3295 3520 3354 3584 vi
3392 3518 3822 3582 fundationum

926 3645 1179 3692 suarum
1225 3626 1543 3692 observari
1591 3624 1844 3703 debitis,
1916 3627 1986 3688 ut
2033 3626 2181 3688 sunt
2225 3623 2459 3688 Missae
2507 3641 2616 3704 pro
2663 3622 2821 3686 vivis
2868 3625 2930 3687 et
2977 3622 3308 3699 defunctiS,
3379 3621 3665 3687 Officium
3710 3621 3824 3685 Di-

928 3731 1140 3798 vinum
1189 3731 1255 3794 et
1302 3729 1593 3794 diurnum
1640 3747 1829 3812 quam
1877 3730 2270 3810 nocturnum,
2321 3729 2383 3792 ct
2421 3727 2484 3792 id
2519 3745 2718 3811 genus
2757 3725 2898 3804 alia,
2941 3724 3251 3810 gloriosae
3301 3726 3634 3790 memoriae
3677 3725 3826 3789 Illu-

926 3833 1273 3900 strissimus
1347 3832 1615 3897 Ioannes
1680 3831 2074 3895 Rzeszowski
2146 3831 2497 3914 Episcopus
2561 3829 2990 3896 Cracoviensis
3062 3829 3246 3895 Anno
3321 3829 3486 3893 1478
3569 3828 3828 3910 speciali

923 3938 1220 4003 mandato
1268 3955 1381 4000 suo
1431 3935 1685 4019 (Statut.
1738 3934 1993 4015 LXXV)
2060 3935 2346 3999 hortatur
2409 3935 2570 4000 tales
2620 3954 2835 4000 omnes
2883 3936 2947 3998 et
2993 3936 3299 4019 singulos,
3369 3937 3444 3999 ut
3487 3933 3717 3998 Missas
3765 3933 3827 3996 et

928 4041 1150 4108 Officia
1194 4041 1420 4122 omnia,
1468 4040 1546 4105 ad
1585 4058 1743 4123 quae
1788 4040 1961 4104 iuxta
2000 4039 2452 4106 ordinationem
2501 4040 2748 4122 piorum
2793 4040 3198 4104 fundatorum
3244 4039 3533 4105 obeunda
3578 4038 3820 4120 publice

934 4151 1077 4212 ante
1124 4144 1535 4210 Interdictum
1579 4142 1973 4220 tenebantur,
2026 4162 2099 4207 ea
2135 4144 2344 4208 omnia
2383 4144 2553 4210 obire
2592 4143 2900 4228 privatim,
2949 4143 3180 4208 clausis
3216 4143 3420 4209 ianuis
3467 4163 3579 4208 seu
3618 4143 3818 4208 eccle·

930 4250 1061 4332 siis,
1112 4268 1261 4316 voce
1310 4247 1645 4328 submissa,
1697 4251 1844 4313 sunt
1890 4247 2174 4313 obstricti
2221 4248 2283 4310 in
2331 4247 2585 4314 ecclesia
2637 4249 2702 4312 et
2747 4246 2876 4314 suis
2923 4247 3183 4330 capelliS
3228 4248 3570 4314 absolvere.

1139 4439 1240 4506 De
1284 4438 1493 4503 Anno
1541 4439 1875 4522 gratiae
1923 4436 2184 4523 (Statut.
2237 4435 2442 4520 XIII),
2495 4439 2781 4522 obligans
2829 4438 2944 4503 sub
2992 4456 3196 4521 poena
3241 4435 3822 4504 excommunicatio·

930 4543 1028 4607 nis
1074 4541 1516 4608 Successorcm
1561 4541 1927 4606 Praelatum
1962 4543 2062 4605 vel
2111 4539 2499 4606 Canonicum
2542 4542 2852 4627 integram
2897 4541 3299 4608 medietatem
3347 4541 3538 4606 annui
3585 4541 3820 4606 reditus

930 4647 1169 4713 solvere
1217 4646 1635 4724 Antecessori‚
1688 4663 2058 4727 quocunque
2106 4643 2252 4709 anni
2289 4646 2569 4728 tempore
2607 4649 2890 4711 mortuus
2929 4647 3132 4711 fuerit.
3187 4644 3314 4711 Sed
3350 4647 3469 4713 hoc
3509 4645 3826 4711 Statutum

932 4749 1386 4833 posterioribus
1442 4749 1706 4834 (Statut.
1741 4749 2044 4814 XXXVII
2091 4750 2152 4812 et
2199 4745 2571 4830 CCXXXI),
2624 4751 2996 4833 abrogatum
3042 4751 3156 4833 est,
3204 4750 3703 4832 ordinatumque,
3754 4750 3825 4812 ut

928 4854 997 4948 in
1042 4853 1356 4919 solvendis
1418 4854 1619 4919 Annis
1665 4855 1902 4939 gratiae
1950 4855 2275 4919 serventur
2319 4854 2399 4918 ad
2446 4872 2740 4938 unguem,
2811 4873 2968 4937 quae
3017 4854 3092 4918 de
3137 4853 3264 4918 illis
3332 4852 3824 4920 Constitutiones

938 4959 1271 5043 synodales
1316 4959 1730 5043 provinciales
1777 4958 2339 5042 praescripserunt,
2407 4960 2648 5024 attenta
2683 4958 2976 5024 videlicet
3019 4957 3256 5023 ratione
3303 4957 3642 5036 mensium,
3687 4953 3825 5038 qui·

932 5063 1052 5130 bus
1092 5061 1580 5132 Antecessorem
1624 5064 1783 5130 mori
1830 5063 2178 5146 contigerit.

1142 5339 1195 5411 ὓ)
1232 5341 1449 5395 statuta
1486 5339 1784 5395 Summaria
1816 5355 1939 5409 pag.
1976 5340 2096 5394 2⁷3.
2136 5339 2357 5408 (Statut.
2393 5337 2559 5408 LXV)
2604 5339 2720 5406 „Ad
2757 5339 3068 5410 capitularia
3105 5340 3322 5410 negotia
3357 5342 3490 5395 etc.“
