4055 6364
2118 795 2205 808 .-
2321 748 2473 828 228
2574 793 2681 808 ..-

2093 978 2686 1080 CCLXXXV.
2816 987 2823 992 ’

946 1185 1344 1270 Decretum
1423 1206 1561 1269 non
1619 1188 2010 1270 continens
2065 1188 2205 1268 vim
2265 1188 2576 1289 statuti,
2636 1191 2702 1272 in
2760 1208 2901 1291 quo
2959 1189 3389 1291 dispartitio
3446 1189 3865 1274 solutionis

1650 1307 2119 1410 cappaiibus.
2186 1309 2393 1393 Anno
2450 1311 2535 1394 et
2588 1311 2705 1395 die
2762 1313 2849 1392 ut
2900 1327 3159 1413 supra.

1153 1517 1531 1596 Continuis
1584 1527 1656 1592 et
1705 1518 1780 1592 in
1839 1519 1996 1594 dies
2052 1522 2546 1597 crescentibus
2601 1545 3020 1598 succurrere
3086 1523 3413 1598 volentes
3465 1521 3857 1619 impensis,

945 1641 1411 1717 Perillustres
1483 1641 2099 1716 Reverendissimi
2170 1643 2468 1718 Domini
2543 1669 2669 1741 per
2742 1645 3277 1719 conclusionem
3326 1644 3655 1742 Capituli
3716 1667 3857 1738 ge·

946 1763 1215 1837 neralis
1284 1762 1499 1837 Anno
1579 1761 1774 1838 1727
1846 1763 1963 1836 die
2040 1761 2135 1838 23
2194 1761 2537 1840 Octobris
2592 1766 2976 1857 celebrati,
3052 1766 3556 1860 decreverunt,
3620 1774 3697 1840 ut
3758 1763 3859 1838 ad

948 1885 1367 1979 eligendam
1423 1909 1734 1960 massam
1792 1893 2152 1960 extremae
2223 1888 2719 1981 necessitatis,
2796 1889 3074 1962 noviter
3124 1887 3551 1962 accedentes
3605 1884 3857 1961 Peril-

947 2009 1216 2084 lustres
1287 2008 1606 2083 Praelati
1659 2016 1733 2082 et
1785 2008 2139 2084 Canonici
2206 2009 2395 2083 ultra
2448 2009 2807 2107 Cappalia
2857 2011 2932 2083 in
2988 2017 3205 2105 quota
3257 2008 3855 2104 Quadringento-

948 2155 1104 2206 rum
1158 2131 1588 2206 florenorum
1646 2131 2156 2230 polonicalium
2211 2131 2600 2228 antiquitus
2654 2131 3009 2206 Ministris
3062 2131 3445 2207 Ecclesiae
3499 2141 3569 2206 et
3622 2129 3855 2228 Capi-

951 2254 1080 2328 tuli
1132 2253 1344 2330 istius
1397 2253 1586 2328 solvi
1639 2261 2022 2347 consueta,
2079 2253 2377 2327 alteram
2434 2253 2737 2326 similem
2794 2261 3081 2349 quotam
3138 2253 3854 2347 Quadringentorum

949 2374 1384 2450 florenorum
1455 2375 1652 2450 circa
1721 2375 2249 2450 installationes
2302 2396 2475 2448 suas
2527 2383 2995 2471 reponerent;
3058 2375 3518 2451 nihilominus
3568 2375 3645 2448 in
3702 2382 3851 2448 tra-

952 2504 1147 2572 ctatu
1207 2496 1707 2572 modernorum
1781 2497 2240 2571 consiliorum
2315 2496 2811 2593 capitularium
2885 2498 3115 2571 visum
3190 2506 3301 2572 est
3369 2497 3629 2572 iisdem
3702 2496 3852 2571 Re·

951 2619 1494 2694 verendissimis
1584 2619 1963 2712 Dominis,
2048 2619 2543 2694 secundariam
2619 2618 3326 2714 Quadringentorum
3412 2619 3852 2694 florenorum

952 2749 1264 2839 quotam,
1321 2764 1413 2815 ex
1439 2741 1839 2816 rationibus
1878 2742 2189 2815 animum
2248 2763 2450 2816 suum
2497 2741 3103 2837 permoventibus,
3160 2743 3252 2816 ad
3288 2743 3665 2818 Ducentos
3714 2741 3849 2815 flo-

952 2886 1174 2937 renos
1243 2863 1705 2957 restringere,
1753 2863 2420 2960 concluseruntque‚
2476 2870 2553 2936 ut
2607 2863 2697 2936 de
2753 2871 3039 2938 caetero
3093 2865 3352 2938 futuris
3404 2865 3851 2962 temporibus

954 2994 1170 3061 aucta
1216 2993 1432 3082 quota
1466 2985 1873 3060 huiusmodi
1911 2983 2341 3082 Cappalium
2396 2985 2471 3058 in
2508 3008 2786 3060 summa
2822 2981 3337 3060 Sexcentorum
3388 2985 3849 3079 florenorum,

955 3107 1152 3182 circa
1215 3106 1445 3181 Actus
1514 3095 2077 3182 installationum
2150 3104 2243 3181 ad
2304 3130 2562 3182 manus
2624 3106 2909 3181 Notarii
2980 3107 3438 3206 capitularis,
3514 3107 3847 3207 praeciso

957 3228 1149 3305 omni
1200 3230 1452 3305 favore
1507 3238 1580 3305 et
1631 3228 1870 3304 delata
1923 3228 2429 3320 Personarum,
2484 3230 2682 3303 iuxta
2737 3226 3087 3305 Statutum
3144 3231 3384 3305 titulo:
3445 3232 3561 3304 De
3612 3242 3850 3305 r‘eee·

955 3353 1254 3450 ptione
1305 3350 1911 3427 Praelatorum
1964 3358 2050 3425 et
2101 3349 2744 3446 Canonicorum,
2801 3352 3161 3448 solvatur,
3218 3375 3519 3449 quorum
3564 3351 3845 3450 dispar-

956 3474 1114 3548 titio
1185 3473 1378 3548 facta
1449 3480 1562 3547 est
1627 3472 2018 3547 eiusmodi:
2104 3473 2197 3547 ad
2267 3496 2584 3547 massam
2654 3480 3016 3548 extremae
3068 3474 3525 3549 necessitatis
3596 3473 3852 3549 floreni

959 3594 1349 3691 nonaginta
1403 3618 1554 3685 sex,
1609 3594 1681 3670 N
1685 3596 1912 3669 otario
1966 3602 2039 3669 et
2090 3595 2723 3694 Viceprocuratori
2781 3596 3299 3694 capitularibus
3343 3596 3601 3671 floreni
3662 3594 3849 3669 Cen·

959 3725 1108 3792 tum
1160 3717 1558 3812 sexaginta,
1615 3715 2224 3793 Vicecustodibus
2276 3716 2532 3791 floreni
2584 3718 2862 3811 viginti,
2894 3718 3213 3793 Vicariis
3263 3718 3519 3793 floreni
3576 3717 3845 3811 decem,

964 3837 1758 3914 Ohorihebdomadario
1792 3839 2049 3913 floreni
2086 3846 2407 3935 quatuor,
2435 3840 2679 3934 grossi
2714 3840 2971 3933 viginti
2998 3849 3322 3937 quatuor,
3364 3837 3853 3915 Seminaristis

958 3961 1216 4036 floreni
1295 3970 1618 4057 quatuor,
1685 3962 1927 4057 grossi
1982 3962 2236 4057 viginti
2318 3969 2640 4057 quatuor,
2725 3958 3135 4057 Organario
3213 3962 3471 4038 floreni
3524 3969 3850 4059 quatuor,

961 4083 1205 4179 grossi
1239 4083 1497 4177 viginti
1532 4090 1852 4180 quatuor,
1896 4081 2183 4159 Seniori
2219 4080 2529 4158 Scholae
2561 4082 2814 4157 floreni
2853 4091 3022 4180 tres,
3062 4085 3304 4179 grossi
3342 4108 3496 4177 sex,
3554 4082 3851 4157 Cantori

964 4203 1187 4280 Ohori
1237 4204 1492 4280 floreni
1545 4214 1714 4296 tres,
1769 4206 2013 4299 grossi
2068 4228 2233 4301 sex,
2308 4202 2789 4299 Sanctuariis,
2858 4207 2981 4303 qui
3036 4230 3459 4303 campanam
3511 4205 3851 4279 maiorem

965 4326 1025 4405 Z
1043 4350 1322 4425 ygmu
1343 4335 1438 4403 nt
1491 4327 1753 4402 dictam
1809 4328 1944 4404 sub
1995 4328 2184 4402 hune
2238 4326 2499 4401 Actum
2554 4328 2845 4425 pulsare
2901 4330 3345 4420 tenebuntur,
3391 4327 3649 4403 floreni
3684 4332 3848 4418 tres,

966 4449 1208 4545 grossi
1261 4472 1413 4545 sex,
1471 4448 1749 4525 cedent.

2127 4690 2768 4797 CCLXXXVI.

1093 4899 1490 4981 Decretum
1549 4900 1818 4981 contra
1872 4900 2245 4984 absentes
2299 4919 2348 4982 a
2403 4902 2764 5002 vesperis
2818 4902 2959 4984 sub
3018 4918 3261 5003 poena
3315 4902 3751 5004 privationis

1112 5019 1658 5103 refectionibus
1714 5021 1796 5102 et
1851 5021 2163 5122 panibus
2220 5024 2409 5105 iilius
2466 5022 2627 5106 diei.
2693 5022 2900 5105 Anno
2957 5024 3142 5104 1732
3199 5023 3314 5106 die
3371 5021 3481 5106 30
3540 5024 3725 5105 maii.

1181 5233 1498 5308 Decreta
1551 5230 1641 5306 de
1695 5232 1949 5329 primis
2001 5239 2074 5307 et
2125 5233 2464 5309 secundis
2518 5232 2871 5331 Vesperis
2921 5234 3313 5335 ‘Festorum
3368 5232 3461 5307 ad
3517 5233 3853 5331 populum

977 5354 1388 5449 celebrium,
1448 5355 1747 5451 primum
1799 5352 1993 5428 Anni
2054 5352 2250 5432 1590
2298 5356 2414 5431 die
2453 5355 2497 5431 3
2538 5354 2901 5451 Octobris,
2958 5353 3378 5431 secundum
3406 5354 3603 5429 Anni
3660 5352 3853 5430 1699
