4055 6364
1349 756 1858 835 ...43-

1506 1015 1690 1115 LV.

149 1221 533 1305 Statutum
576 1220 1069 1305 tle-censibus
1124 1224 1442 1305 ratione·
1474 1194 1814 1307 villarum
1874 1224 2389 1324 capitularium
2440 1188 2576 1325 per
2623 1224 3059 1308 tenutarloa

979 1345 1434 1479 'huiusmodi
1488 1345 1708 1428 villas
1762 1345 2168 1430 solvendis.
3042 1342 3054 1351 “

348 1574 748 1649 Praeterea
801 1574 1457 1648 animadvertentes
1511 1573 1868 1671 quomodo
1932 1581 2227 1672 propter
2278 1574 2789 1651 immoderatas
2840 1582 3051 1650 taxas

147 1696 468 1781 villarum
525 1694 844 1793 Capituli
896 1695 1278 1770 Ecclesiae
1335 1694 1887 1789 Cracoviensis,
1965 1719 2149 1791 quae
2205 1698 2418 1769 etiam
2472 1722 2645 1773 vere
2697 1700 2769 1773 in
2826 1697 3051 1773 omni·

149 1819 270 1893 bus
341 1816 759 1893 huiusmodi
827 1817 1026 1892 villis
1101 1842 1393 1891 censum
1468 1819 1760 1891 totalem
1814 1844 1860 1891 a
1913 1818 2451 1897 Kmethonibus
2524 1828 2595 1894 et
2646 1820 3049 1895 hortulanis

149 1941 676 2036 provenientem
758 1939 1174 2014 notabiliter
1250 1940 1647 2034 excedant,
1730 1940 1951 2013 multa
2023 1940 2408 2014 incomoda
2479 1949 2551 2015 et
2602 1943 3048 2037 gravamina,

147 2062 396 2137 nedum
454 2060 820 2135 Praelatis
873 2068 946 2135 et
1000 2060 1392 2137 Canonicis
1465 2061 1698 2136 dictas
1749 2062 1968 2137 villas
2042 2061 2571 2159 obtinentibus,
2646 2064 2779 2141 sed
2835 2063 3049 2162 etiam

149 2185 266 2257 toti
338 2182 678 2281 Capitulo
751 2184 1090 2257 continuo
1162 2184 1502 2257 accidunt
1555 2191 1626 2257 et
1679 2191 2185 2277 succrescunt,
2261 2208 2418 2259 cum
2491 2186 2584 2259 ob
2638 2184 3055 2261 huiusmodi

151 2314 468 2379 taxarum
550 2328 927 2380 excessum
1008 2306 1102 2379 iis
1174 2306 1296 2402 qui
1366 2306 1584 2379 villas
1668 2305 2081 2403 praedictas
2164 2315 2410 2381 tenent
2496 2316 2570 2382 et
2642 2310 3051 2403 gubernant

145 2428 474 2501 adimitur
528 2427 842 2501 facultas
896 2428 1100 2523 ips‘as
1155 2427 1397 2501 debito
1451 2425 1664 2501 modo
1717 2426 2198 2523 reformandi,
2266 2430 2517 2527 sicque
2570 2429 2789 2505 villae
2840 2428 3049 2527 ipsae

149 2550 212 2622 in
263 2550 421 2625 suis
489 2548 821 2641 allodiis,
896 2550 1331 2624 molendinis
1386 2560 1457 2623 ct
1508 2550 1676 2626 aliis
1748 2551 2175 2648 opportunis
2245 2551 2552 2626 edificiis
2623 2551 3045 2649 plerumque

148 2672 612 2746 collabuntur.
675 2671 1027 2746 Volentes
1093 2672 1394 2747 huiusce
1450 2672 1646 2746 modi
1695 2673 2242 2766 gravaminibus
2297 2682 2369 2747 et
2420 2672 2823 2749 incomodis
2874 2694 3041 2770 pro·-

149 2792 416 2887 videre,
473 2804 548 2867 et
601 2793 866 2890 priscis
930 2793 1530 2891 dispositionibus
1585 2802 1656 2867 ct
1709 2793 2349 2870 consuetudinibus
2402 2794 2784 2869 Ecclesiae
2834 2816 3041 2893 prae-

149 2914 372 2990 dictae
425 2940 562 2989 nos
621 2916 1094 3007 conformare,
1154 2918 1532 2993 statuimus
1585 2917 1908 2991 inantea
1963 2915 2515 3006 observandum,
2575 2916 2767 3013 quod
2821 2917 3041 2993 Prae-

143 3038 265 3111 lati
314 3046 386 3111 et
425 3037 778 3113 Canonici
832 3038 1185 3135 praedicti
1239 3040 1455 3113 villas
1511 3039 1742 3114 dictas
1797 3040 2225 3135 obtinentes,
2280 3040 2369 3113 de
2406 3048 2695 3114 caetero
2748 3048 3039 3119 tenean-

149 3169 252 3233 tur
301 3160 650 3235 duntaxat
703 3161 792 3234 ad
834 3184 1126 3236 censum
1183 3160 1520 3259 Capitulo
1577 3161 2132 3259 persolvendum
2173 3160 2265 3236 de
2302 3158 2575 3236 mansis
2611 3162 2769 3236 sive
2805 3163 3037 3238 laneis

149 3281 622 3357 Kmethonum
684 3284 836 3356 sive
889 3285 1316 3358 rusticorum
1391 3286 1761 3381 possessis
1815 3286 1972 3359 sive
2026 3285 2241 3357 etiam
2306 3285 2689 3358 desertatis
2745 3309 2874 3382 per
2926 3309 3037 3359 re-

148 3413 394 3496 gentes
447 3415 520 3478 et
575 3405 1035 3502 possidentes
1093 3406 1306 3480 villas
1362 3406 1798 3503 praedictas.
1867 3406 2259 3481 Residuum
2317 3429 2491 3480 vero
2546 3407 2892 3503 quidquid
2947 3405 3037 3480 de

149 3525 470 3618 Allodiis,
531 3526 995 3616 Molendinis,
1053 3529 1374 3602 tabernis
1430 3538 1502 3601 et
1537 3528 1789 3621 hortis,
1848 3521 2155 3623 aliisque
2208 3527 2639 3603 utilitatibus
2692 3529 3041 3604 obvenire

147 3645 412 3743 poterit,
472 3647 683 3722 cedat
733 3649 937 3722 lucro
994 3650 1342 3722 dictorum
1400 3651 1822 3744 regentium,
1882 3674 2010 3747 pro
2060 3650 2381 3745 ipsorum
2436 3641 2929 3724 consolatione
2964 3658 3037 3724 et

147 3770 476 3844 dictarum
536 3771 866 3862 villarum
921 3773 1395 3868 reparatione.
1491 3773 1610 3845 De
1663 3773 1860 3845 villis
1915 3795 2130 3862 ver0,
2206 3794 2390 3866 quae
2447 3780 2695 3846 carent
2746 3771 3036 3846 allodiis

155 3915 401 3968 census
452 3892 805 3966 medietas
861 3894 1292 3987 assignetur,
1351 3903 1423 3966 et
1475 3894 1717 3967 veniat
1769 3893 1840 3965 in
1899 3916 2307 3984 commune,
2364 3901 2437 3967 et
2488 3895 2633 3967 alia
2686 3894 3037 3968 medietas

145 4013 531 4090 huiusmodi
593 4039 858 4088 census
913 4038 1042 4111 pro
1099 4023 1394 4110 regente
1449 4023 1928 4105 convertatur,
2004 4023 2217 4110 prout
2286 4015 2471 4088 alias
2543 4039 2671 4114 per
2739 4015 3029 4113 privile-

143 4134 332 4228 gium
391 4145 462 4228 et
517 4135 1037 4228 ordinationem
1109 4139 1474 4232 antiquam
1549 4145 1660 4210 est
1732 4137 2122 4233 provisum.
2216 4135 2593 4212 Caeterum
2669 4160 2829 4212 cum
2900 4161 3034 4234 per

145 4255 534 4332 huiusmodi
595 4269 911 4333 nostram
970 4257 1490 4332 ordinationem
1548 4258 1828 4332 damnis
1886 4264 1957 4332 ct
2008 4258 2481 4332 incommodis
2536 4258 3031 4355 communibus

145 4377 583 4455 intendamus
639 4403 1042 4476 occurrere,
1099 4380 1430 4454 volumus
1469 4389 1540 4454 et
1578 4381 1994 4454 ordinamus
2015 4389 2110 4453 ‘ut
2144 4381 2415 4475 singuli
2448 4389 2787 4478 regentes
2822 4404 3028 4478 prae—

146 4497 362 4576 dictas
413 4503 660 4594 villas,
734 4510 932 4575 tanto
989 4503 1394 4576 accuratius
1467 4502 2047 4577 reformationem
2124 4502 2457 4577 villarum
2524 4512 3041 4602 possessarum,

145 4621 518 4718 intendant,
577 4634 841 4721 quanto
898 4611 1212 4698 uberiori
1266 4624 1681 4720 provisione
1719 4647 1800 4699 se
1852 4625 2171 4698 sentiunt
2222 4647 2353 4721 per
2402 4622 2813 4698 huiusmodi
2865 4620 3025 4697 Sta.-

147 4753 358 4818 tutum
407 4753 478 4820 et
531 4745 1052 4820 ordinationem
1121 4746 1556 4819 consolatos.
1643 4745 1741 4819 Et
1795 4747 1858 4820 si
1915 4747 2271 4843 quispiam
2326 4746 2401 4818 in
2446 4746 2540 4819 iis
2594 4769 2779 4842 quae
2834 4747 3030 4821 circa

143 4865 312 4938 talia
359 4867 858 4941 reformatione
911 4866 1373 4961 indiguerint,
1433 4869 1688 4962 segnis
1725 4877 1796 4942 et
1830 4871 2182 4944 remissus
2238 4870 2571 4944 inventus
2611 4870 2698 4943 de
2738 4878 3025 4944 caetero

143 4987 366 5082 fuerit,
417 4989 782 5063 declarato
840 5013 925 5062 co
981 5011 1114 5086 per
1149 4988 1585 5064 Visitatores
1637 4988 1960 5088 Capituli
2015 4992 2139 5086 qui
2191 5014 2323 5087 pro
2364 4999 2683 5088 tempore
2736 4991 3020 5081 fuerint,

143 5093 539 5185 reformatio
591 5110 1007 5186 huiusmodi
1060 5136 1192 5208 per
1246 5110 1651 5209 Capitulum
1711 5109 1901 5187 dicto
1955 5111 2267 5206 Regenti
2344 5113 2738 5186 districtius
2789 5113 3020 5186 iniun-

140 5238 370 5322 gatnr,
419 5235 547 5308 sub
597 5242 794 5308 certo
849 5234 1192 5330 temporis
1247 5234 1481 5332 spatio
1519 5256 1652 5330 per
1687 5231 2099 5329 Capitulum
2139 5234 2603 5328 moderand0,
2659 5235 2851 5308 omni
2906 5257 3019 5307 se-

142 5359 342 5448 mota
387 5356 840 5452 excusatione
911 5354 1374 5454 perficienda.
1466 5355 1550 5428 In
1607 5379 1750 5452 qua
1803 5356 1869 5431 si
1920 5356 2305 5456 negligens
2356 5357 2569 5432 fuerit
2628 5357 2836 5452 lapso
2886 5356 3035 5450 hu·-
