4055 6364
2121 776 2688 850 —274—

950 979 1191 1059 vicarii,
1239 980 1660 1064 psalteristae,
1712 981 1823 1047 aut
1868 982 2125 1048 alterius
2161 982 2516 1049 beneficiati
2554 981 3007 1063 Cracoviensis,
3051 982 3328 1047 contenti
3366 983 3548 1047 erunt
3587 982 3830 1059 fertone,

947 1084 1015 1149 in
1062 1086 1357 1150 extraneo
1403 1104 1548 1151 vero
1596 1086 1806 1152 media
1849 1105 2083 1153 marca.

950 1308 1315 1375 Foedum
1360 1312 1882 1393 reputantes
1931 1310 2407 1376 membrum.
2460 1308 2654 1391 (Stat.
2703 1309 3016 1393 LXVIII).

1154 1414 1495 1479 Interdicto
1544 1414 1995 1492 ecclesiastico,
2055 1415 2131 1479 ab
2177 1414 2460 1479 Ecclesia
2505 1414 2726 1479 maiori
2773 1412 3169 1479 Cracoviensi
3205 1415 3521 1493 inchoato,
3571 1416 3836 1481 caeterae

951 1535 1169 1581 omnes
1216 1516 1515 1582 ecclesiae
1558 1517 1620 1581 in
1670 1518 1921 1582 civitate
1969 1516 2367 1584 cracoviensi
2415 1520 2481 1583 et
2525 1519 2658 1583 eius
2706 1519 3024 1585 suburbiis
3089 1520 3382 1584 tenentur
3428 1520 3582 1584 illud
3631 1519 3835 1585 obser—

947 1638 1113 1699 vare,
1190 1619 1344 1685 alias
1392 1620 1769 1686 sententiam
1834 1622 2493 1689 excommunicationis
2559 1621 2622 1687 et
2667 1640 2931 1705 poenam
2995 1622 3476 1707 irregularitatis
3547 1622 3836 1700 incidunt,

946 1725 1195 1789 nonnisi
1241 1744 1353 1807 per
1396 1724 1618 1790 Sedem
1668 1725 2099 1809 Apostolicam
2145 1745 2286 1791 cum
2335 1727 2803 1811 dispensatione
2851 1726 3190 1791 liberandi.

947 1966 1436 2031 Possessor
1479 1942 1979 2032 medietatis
2026 1968 2296 2034 villae
2345 1968 2707 2035 Borkow.
2755 1969 2936 2049 (Stat.
2986 1968 3242 2051 LXIX).

1154 2069 1523 2135 Procurabit
1564 2070 1942 2153 lampadem,
1988 2070 2054 2134 in
2089 2072 2296 2136 medio
2345 2072 2516 2137 chori
2563 2073 3030 2149 consistentem,
3083 2071 3221 2136 oleo
3261 2090 3557 2154 possesor
3599 2070 3822 2135 medie-

946 2172 1100 2239 tatis
1144 2172 1330 2239 villae
1375 2173 1687 2253 Borkovv,·
1710 2177 1826 2241 sub
1865 2194 2069 2259 poena
2113 2175 2296 2240 unius
2335 2194 2680 2260 sexagenas
2724 2195 2835 2259 per
2879 2177 3324 2242 Procuratores
3372 2175 3737 2259 exigendae.

947 2415 1056 2482 Ut
1102 2416 1479 2500 negotiis
1524 2416 1681 2481 tam
1729 2416 2406 2482 ecclesiasticis
2454 2434 2694 2499 quam
2742 2416 3357 2482 saecularibus
3405 2417 3592 2501 (Stat.
3625 2416 3833 2497 LXX).

1157 2519 1436 2605 Singulis
1482 2520 1701 2585 diebus
1748 2520 2030 2598 Veneris,
2083 2519 2204 2585 nisi
2252 2520 2376 2584 diei
2421 2520 2732 2585 festivitas
2778 2520 3101 2601 impediat,
3152 2520 3454 2604 privatim
3502 2539 3612 2602 per
3657 2519 3834 2602 Capi-

952 2624 1190 2689 tulares
1234 2624 1524 2689 teneatur
1569 2623 1927 2706 Capitulum
1995 2643 2105 2705 pro
2153 2624 2417 2707 singulis
2465 2624 2734 2707 negotiis
2783 2624 3250 2689 occurrentibus
3299 2624 3713 2706 expediendis.
3760 2624 3834 2687 Et

955 2728 1268 2793 dabuntur
1314 2728 1766 2811 praesentibus,
1818 2728 1922 2811 qui
1954 2728 2320 2809 tempestive
2351 2728 2512 2792 circa
2549 2728 2892 2793 secundum
2938 2728 3272 2792 Introitum
3318 2727 3554 2794 Missae
3597 2728 3836 2793 maioris

949 2831 1257 2910 venerint,
1306 2831 1471 2896 ultra
1516 2831 1927 2913 {quotidianas
1984 2830 2453 2896 distributiones
2518 2832 2640 2896 duo
2691 2832 2914 2916 grossi.
2985 2830 3298 2896 Absentes
3339 2850 3510 2907 vero,
3560 2832 3658 2896 vel
3699 2834 3836 2914 post

959 2934 1151 3017 Kyrie
1199 2934 1457 3017 eleyson
1498 2935 1824 3013 intrantes,
1888 2936 2018 2999 tam
2067 2935 2466 3017 quotidianis,
2533 2954 2723 3017 quam
2764 2935 3243 3020 supererogatis,
3305 2935 3414 2999 illo
3463 2934 3563 2999 die
3609 2934 3830 3000 debent

962 3037 1268 3101 mulctari.
1342 3036 1831 3121 Supererogatae
1883 3057 2004 3102 non
2055 3038 2286 3103 debent
2330 3039 2410 3102 ad
2457 3038 2740 3103 infirmos
2788 3038 3056 3103 extendi.
3143 3038 3210 3103 Si
3253 3057 3400 3103 vero
3463 3038 3692 3104 festum
3735 3037 3827 3102 die

950 3140 1211 3207 Veneris
1267 3140 1581 3207 celebrare
1626 3142 1981 3217 occurrerit,
2031 3144 2254 3207 extunc
2296 3141 2451 3208 feria
2496 3143 2714 3225 quinta
2757 3142 3173 3226 praecedente
3221 3141 3584 3226 Capitulum
3632 3141 3830 3226 ipsum

945 3246 1255 3324 teneatur,
1307 3246 1370 3310 et
1414 3246 1771 3312 occurentia
1818 3248 2074 3330 negotia
2119 3247 2545 3330 expediantur.

943 3450 1465 3546 Aumpliorem
1511 3451 1732 3517 circa
1778 3451 2272 3518 Ecclesiam
2319 3450 3010 3519 cracoviensem.
3062 3454 3250 3538 (Stat.
3297 3455 3553 3538 LXXI).

1152 3554 1560 3636 Quotidianae
1599 3555 2072 3621 distributiones
2111 3557 2376 3640 singulis
2407 3558 2626 3624 diebus
2657 3558 2720 3622 in
2753 3560 3074 3624 Praelatos
3115 3561 3176 3622 et
3203 3556 3576 3638 Canonicos,
3609 3557 3832 3622 Missae

944 3660 1165 3723 maiori
1210 3659 1677 3738 interessentes,
1742 3658 1917 3741 fiant,
1967 3661 2032 3724 et
2077 3679 2301 3726 census
2347 3661 2639 3726 villarum
2704 3663 2952 3728 nonnisi
3017 3662 3083 3726 in
3143 3664 3311 3743 ipsas
3377 3661 3835 3729 distributiones

946 3762 1340 3845 quotidianas
1387 3763 1798 3828 convertatur.

945 3969 1000 4034 D
1026 3969 1655 4049 eformitatem,
1722 3987 1934 4051 quae
1993 3970 2576 4053 frequentius.
2641 3973 2827 4055 (Stat.
2877 3973 3160 4057 LXXII).

1151 4072 1218 4138 Si
1248 4073 1475 4156 aliquis
1514 4075 1577 4137 in
1615 4072 1902 4154 Capitulo
1938 4079 2156 4140 votum
2194 4077 2450 4141 alterius
2483 4079 2805 4142 temerarie
2841 4077 3292 4160 interrumpere
3329 4078 3829 4160 praesumpserit,

944 4195 1217 4258 poenam
1263 4176 1507 4242 mediae
1548 4176 1711 4241 ollae
1746 4180 1870 4242 vini
1911 4180 2048 4261 ipso
2087 4179 2251 4242 facto
2289 4179 2570 4258 incurrit,
2611 4200 2722 4262 per
2751 4182 3226 4246 Procuratorem
3265 4180 3540 4265 Capituli
3575 4181 3833 4247 irremis-

948 4279 1215 4345 sibiliter
1260 4279 1650 4364 exigendam.

947 4484 1139 4551 Cum
1185 4505 1382 4570 saep
1417 4507 1450 4552 e
1492 4507 1635 4570 per
1678 4488 2039 4554 tardum.
2089 4487 2274 4574 (Stat.
2321 4490 2636 4573 LXXIII).

1155 4589 1281 4656 Sub
1348 4593 1628 4673 tempore
1692 4589 1967 4675 Capituli
2039 4593 2351 4675 generalis
2430 4595 2669 4675 pulsari
2733 4595 2920 4660 debet
2985 4595 3199 4662 statim
3245 4597 3391 4679 post
3433 4597 3834 4681 Evangelium

947 4694 1184 4759 Missae
1231 4695 1789 4760 mansionariorum
1835 4715 2140 4779 campana
2183 4716 2294 4779 pro
2343 4695 2656 4780 Capitulo‚
2709 4701 2772 4764 et
2817 4700 3177 4765 immediate
3223 4701 3369 4783 post
3411 4699 3832 4765 Elevationem

947 4797 1184 4862 Missae
1219 4797 1595 4863 vicariorum
1626 4798 1901 4864 Praelati
1930 4803 1995 4865 et
2031 4799 2327 4866 Canonici
2366 4801 2443 4866 ad
2474 4801 2828 4885 Capitulum
2875 4803 3136 4887 ingredi.
3189 4802 3254 4868 Si
3286 4805 3448 4887 quis,
3483 4805 3834 4888 priusquam

945 4899 1145 4964 maior
1205 4900 1403 4966 Missa
1463 4901 1817 4982 incipiatur,
1892 4904 2137 4987 ingredi
2201 4905 2570 4987 neglexerit,
2641 4904 2925 4970 omnibus
2974 4906 3520 4972 distributionibus
3585 4908 3697 4972 illo
3745 4908 3832 4972 die

947 5004 1459 5087 provenientibus
1504 5006 1803 5088 privatur.
1852 5005 1925 5070 In
1974 5025 2096 5090 quo
2146 5009 2439 5072 oneratur
2489 5009 2967 5074 Procuratorum
3014 5009 3417 5075 conscientia.

943 5211 1058 5278 Ne
1100 5212 1393 5278 foetor
1438 5234 1523 5279 ex
1566 5213 2021 5296 frequenti
2067 5216 2686 5283 tumulatione.
2741 5215 2921 5301 (Stat.
2965 5218 3284 5301 LXXIV).

1151 5315 1461 5382 Praelatis
1508 5318 1571 5382 et
1617 5315 1950 5384 Canonicis
2000 5317 2515 5386 Cracoviensibus
2563 5321 2860 5404 exceptiS,
2922 5340 3104 5387 nemo
3151 5323 3684 5406 presbyterorum,
3735 5339 3834 5388 seu
