4055 6364
2146 749 2720 828 -190—

2164 1035 2683 1147 CCXXXII.

973 1250 1359 1333 statutum
1411 1251 1503 1333 de
1545 1251 1843 1336 canone
1880 1273 2015 1354 pro
2054 1253 2356 1456 fabrica:
2394 1255 2787 1457 Eczlesiae
2826 1187 3855 1342 cathedralis-cracoviensis

2241 1395 2330 1459 so
2360 1397 2499 1459 ven
2554 1395 2621 1458 o.
4002 1407 4004 1414 ·

1177 1583 1533 1658 Martinus
1589 1582 2119 1683 Szyszkowski
2172 1586 2315 1661 Dei
2366 1587 2603 1680 gratia
2654 1585 3069 1685 Episcopus
3108 1586 3641 1684 Cracoviensis,
3701 1591 3858 1666 Dux

987 1701 1438 1780 Severiensis
1491 1717 1624 1780 etc.
1701 1706 2026 1802 Aequum
2102 1717 2241 1802 est,
2314 1717 2391 1782 ut
2442 1707 2851 1783 Ecclesiam
2906 1709 3464 1786 Cracoviensem
3534 1735 3857 1809 sponsam
4002 1731 4004 1734 ⁴

975 1835 1314 1919 nostram,
1363 1852 1408 1901 a
1445 1851 1586 1924 qua
1623 1838 2039 1905 ornamenta
2078 1839 2150 1906 et
2182 1832 2623 1905 incrementa
2660 1831 3092 1929 accepimus,
3152 1841 3439 1927 sartam,
3481 1842 3861 1930 tectamque
4001 1865 4004 1926 g

972 1971 1501 2024 conservemus.
1561 1949 1741 2024 Cum
1790 1951 2010 2046 igitur
2074 1975 2206 2051 pro
2264 1953 2541 2026 fabrica
2593 1955 2825 2052 ipsius
2880 1953 3059 2027 nulli
3112 1954 3265 2028 fere
3318 1957 3499 2029 certi
3551 1955 3859 2030 redditus
4001 1949 4004 2026 i

969 2070 1319 2166 assignati
1356 2073 1526 2168 sint3
1568 2071 1658 2146 de
1705 2096 2066 2150 consensu
2094 2073 2425 2150 Fratrum
2468 2085 2869 2151 nostrorum
2918 2073 3413 2150 praelatorum
3453 2086 3527 2151 et
3564 2075 3857 2151 Canoni-
4002 2151 4004 2176 ,

970 2215 1214 2267 corum
1257 2194 1332 2268 in
1377 2195 1516 2268 hoc
1567 2195 1894 2288 generali
1947 2194 2285 2293 Capitulo
2324 2205 2919 2292 congregatorum
2968 2199 3367 2292 statuimus,
3418 2197 3857 2274 decernimus
4001 2181 4004 2270 ³

971 2321 1042 2390 et
1078 2314 1488 2392 ordinamus
1535 2317 1898 2414 perpetuis
1935 2318 2195 2394 futuris
2232 2321 2677 2417 temporibus
2716 2319 3276 2395 observandum:
3334 2328 3411 2394 ut
3464 2346 3508 2394 a
3546 2321 3851 2417 qualibet

986 2433 1419 2531 Advocatia,
1476 2435 1856 2532 Scultetia,
1931 2439 2223 2516 officina
2274 2441 2691 2534 mineraria,
2763 2441 3135 2536 vitrearia,
3208 2441 3671 2536 molendinis,
3744 2466 3859 2516 seu

975 2558 1220 2634 fundis
1272 2559 1653 2635 Ecclesiae
1706 2561 1781 2635 in
1834 2562 2352 2638 advitalitatem
2412 2562 2568 2638 dari
2622 2565 2890 2656 solitis,
2967 2561 3221 2638 Canon
3294 2587 3425 2639 seu
3482 2573 3679 2639 certa
3748 2587 3855 2662 pe-

825 2769 836 2778 ·
973 2681 1228 2754 cuniae
1267 2705 1567 2776 summa,
1610 2707 1794 2780 quae
1831 2685 2258 2779 vigesimam
2315 2695 2791 2783 proventuum
2842 2684 3191 2760 eiusmodi
3229 2695 3505 2782 partem
3543 2688 3854 2780 attingat,
4001 2765 4004 2780 Σ

969 2827 1015 2876 a
1068 2797 1615 2901 possessoribus
1670 2806 2199 2902 praedictorum
2240 2808 2623 2882 Ecclesiae
2676 2809 3054 2882 fundorum
3112 2830 3243 2904 pro
3298 2807 3579 2882 fabrica
3614 2805 3855 2882 Eccle-
4002 2823 4004 2886 ξ

971 2925 1126 3000 siae
1180 2925 1526 3021 solvatur,
1580 2925 1862 3025 hocque
1915 2929 1991 3003 in
2040 2932 2511 3006 concessione
2551 2930 3109 3025 Privilegiorum
3164 2929 3582 3026 specialiter
3636 2929 3855 3027 expri·

969 3055 1232 3140 matur,
1309 3071 1442 3122 nec
1495 3050 1704 3124 aliter
1768 3074 2120 3126 concessa
2171 3052 2573 3148 Privilegia
2625 3052 2845 3128 robur
2898 3060 3021 3125 aut
3070 3052 3474 3126 firmitatem
3530 3053 3856 3146 habeant;

972 3193 1184 3266 quam
1237 3172 1586 3267 pecuniae
1642 3198 1989 3249 summam
2027 3173 2410 3275 Capitanei
2465 3178 2811 3252 bonorum
2864 3176 2939 3249 in
2993 3198 3417 3272 quacunque
3456 3172 3683 3249 Clave
3730 3196 3851 3271 pro

983 3291 1207 3366 Festo
1263 3290 1338 3367 S.
1393 3293 1688 3369 Martini
1749 3297 2072 3393 exigere,
2147 3308 2220 3375 et
2290 3298 2383 3373 ad
2436 3298 2980 3375 Procuratorem
3036 3297 3499 3372 Venerabilis
3554 3296 3855 3395 Capituli

979 3435 1112 3510 pro
1167 3422 1488 3512 tempore
1541 3416 1962 3491 existentem
2019 3421 2501 3495 transmittere
2557 3428 2628 3494 et
2664 3420 2948 3495 solvere
3005 3427 3379 3494 teneantur
3433 3429 3505 3493 et
3558 3420 3701 3493 sint
3740 3418 3857 3492 ad·
4002 3426 4004 3435 ²

973 3536 1224 3630 stricti,
1281 3537 1490 3611 salvo
1544 3546 1780 3613 tamen
1837 3563 1946 3635 ec,
2001 3549 2080 3615 ut
2132 3565 2265 3639 pro
2318 3542 2711 3616 maioribus
2764 3542 3087 3616 fabricae
3140 3541 3697 3617 necessitatibus
3747 3564 3857 3613 ve-

967 3657 1102 3730 teri
1138 3680 1334 3732 more
1355 3658 2029 3736 Reverendissimus
2056 3664 2411 3738 Dominus
2448 3663 2859 3761 Episcopus
2896 3663 3099 3756 duas,
3133 3661 3549 3761 Capitulum
3584 3663 3859 3737 tertiam

974 3788 1250 3875 partem
1289 3782 1713 3858 contribuat.
1771 3781 2032 3859 Actum
2072 3786 2143 3858 in
2179 3787 2507 3882 generali
2542 3785 2879 3883 Capitulo
2917 3808 3047 3883 pro
3081 3785 3306 3861 Festo
3342 3784 3861 3859 Translationis

970 3898 1044 3975 S.
1103 3898 1450 3978 Stanislai
1504 3906 1898 4000 celebrato,
1975 3905 2093 3981 die
2165 3916 2423 3984 octava
2496 3906 2868 4002 Octobris,
2942 3906 3155 3981 Anno
3212 3907 3314 3981 M.
3374 3904 3532 3982 DC.
3592 3906 3859 3981 decimo
4002 3912 4004 3987 5

965 4047 1178 4098 nono.
2454 4029 2812 4105 Martinus
2866 4027 3395 4128 Szyszkowski

2172 4151 2586 4251 Episcopus
2641 4151 3154 4227 Cracoviensis
3208 4151 3665 4249 subscripsit.

2142 4430 2705 4535 CCXXXIII.

1123 4633 1507 4717 statutum
1565 4636 1660 4719 de
1716 4637 2244 4724 consolatione
2301 4659 2395 4722 ex
2447 4640 2802 4722 restante
2859 4640 3176 4740 pecunia
3231 4658 3365 4740 pro
3422 4637 3734 4720 Musica.

1153 4844 1535 4941 ‚Martinus
1573 4836 2104 4947 Szyszkowski
2156 4852 2301 4926 Dei
2351 4851 2589 4945 gratia
2641 4850 3054 4949 Episcopus
3107 4847 3642 4942 Cracoviensis,
3700 4846 3861 4921 Dux
4001 4910 4004 4929 .

971 4964 1420 5045 Severiensis
1457 4980 1593 5045 etc.
1632 4971 2025 5071 Cupientes
2060 4981 2138 5049 nt
2175 4974 2490 5051 Praelati
2529 4981 2601 5047 et
2636 4970 2989 5047 Canonici
3026 4970 3407 5047 Ecclesiae
3458 4971 3694 5063 huius,
3752 4966 3863 5065 qui
4001 4994 4004 5029 ÷

971 5090 1065 5165 ad
1117 5094 1460 5186 generale
1507 5092 1918 5192 Capitulum
1973 5119 2105 5193 pro
2157 5095 2381 5171 Festo
2437 5091 2511 5169 S.
2571 5092 2914 5171 Stanislai
2967 5097 3042 5169 in
3093 5095 3292 5170 Maio
3347 5093 3707 5169 celebrari
3756 5112 3863 5165 so-

973 5213 1176 5290 litum
1230 5218 1641 5314 frequentes
1697 5218 2082 5293 convenire
2155 5217 2419 5312 solent,
2494 5241 2637 5292 non
2710 5218 2943 5293 solum
3014 5216 3510 5315 spiritualibus
3581 5240 3627 5289 a
3684 5211 3862 5288 Sede

972 5336 1399 5436 Apostolica
1435 5341 1803 5415 concessis
1842 5339 2342 5435 indulgentiis,
2402 5364 2649 5415 verum
2687 5340 2896 5416 etiam
2955 5339 3466 5438 temporalibus
3502 5337 3859 5423 subsidiis,
