4055 6364
1498 823 1588 833 -
1701 777 1796 855 51
1907 823 2012 835 .-

1434 995 1438 1000 ’
1515 987 1936 1089 ·LXXII.

688 1193 790 1275 De
850 1195 1385 1295 interruptione
1442 1197 1779 1279 votorum
1843 1198 1909 1278 in
1967 1197 2286 1298 neuotiis
2341 1198 2799 1282 tractandis.

501 1405 1092 1500 Deformitatem,
1169 1430 1352 1502 quae
1407 1407 1855 1504 frequentius
1911 1432 2001 1482 ex
2055 1409 2571 1506 interruptione
2643 1418 2969 1486 votorum
3026 1435 3192 1485 eve·

277 1533 446 1606 nire
502 1531 690 1606 solet
745 1529 1120 1602 abolentes
1144 1587 1160 1618 ,
1239 1529 1655 1622 statuimuS,
1732 1529 1923 1627 quod
1979 1529 2325 1629 deinceps
2378 1531 2451 1605 in
2509 1532 2904 1607 tractandis
2976 1533 3195 1607 rebus

278 1663 362 1728 et
414 1652 722 1748 negotiis
773 1651 848 1724 in
906 1649 1244 1748 Capitulo
1299 1676 1441 1725 non
1498 1651 1624 1725 fiat
1675 1653 2102 1750 interruptio
2158 1677 2415 1728 vocum
2444 1710 2461 1745 ,
2518 1677 2654 1728 nec
2709 1678 2840 1751 per
2892 1654 3194 1728 alicuius

274 1775 631 1872 impetum
685 1795 921 1848 sermo
975 1774 1338 1870 loquentis
1396 1774 1872 1871 praecidatur,
1931 1774 2127 1871 quod
2182 1775 2247 1849 si
2300 1776 2463 1872 quis
2517 1776 2893 1851 temerarie
2950 1776 3025 1850 in
3065 1800 3190 1873 op-

277 1898 606 1994 positum
647 1898 1230 1993 praesumpserit,
1293 1899 1572 1972 mediae
1628 1897 1817 1971 ollae
1872 1897 2024 1971 vini
2074 1898 2392 1972 incurrat
2427 1921 2734 1995 poenam
2770 1899 2933 1995 ipso
2970 1900 3185 1993 fact0,

275 2043 502 2115 quam
579 2018 1004 2092 Procurator
1071 2029 1372 2118 protunc
1437 2021 1802 2114 existenS,
1873 2026 2159 2094 tenetur
2219 2020 2817 2096 irremissibiliter
2887 2022 3185 2115 exigere

275 2142 384 2215 ab
438 2139 718 2215 eodem.

1541 2384 1952 2518 Lxxffl.

491 2593 596 2674 ne
652 2593 990 2695 temporo
1045 2592 1380 2675 veniendi
1437 2593 1532 2675 ad
1589 2592 1996 2694 capitulum
2057 2594 2140 2675 et
2194 2594 2409 2697 puisu
2465 2613 2993 2697 campanarum

1467 2735 1600 2817 pro
1657 2716 2016 2817 capitulo.

497 2923 680 2999 Cum
734 2947 954 3022 saepe
1021 2949 1153 3023 per
1203 2926 1485 3001 tardum
1558 2928 2056 3003 nonnullorum
2113 2929 2207 3002 ad
2263 2927 2675 3027 Capitulum
2746 2931 3181 3026 ingressum,

271 3048 600 3122 caeteris
657 3049 890 3123 soleat
943 3050 1368 3146 tempestive
1422 3050 1878 3126 venientibus
1950 3051 2317 3126 fastidium
2374 3060 2445 3126 et
2502 3077 2774 3129 nauzea
2825 3053 3181 3148 generari,

273 3171 710 3264 statuimus,
771 3169 960 3267 quod
1019 3196 1149 3269 per
1201 3172 1550 3269 amplius,
1609 3172 1849 3246 statim
1904 3180 2071 3269 post
2123 3172 2601 3269 Evangelium
2656 3169 2922 3251 missae
2977 3176 3182 3250 Man-

276 3294 784 3387 sionariorum,
844 3295 1171 3391 pulsetur
1206 3318 1555 3392 campana
1591 3295 1684 3368 ad
1723 3293 2155 3391 Capitulum,
2215 3304 2286 3369 et
2320 3297 2728 3372 immediate
2785 3306 2949 3395 post
2998 3298 3171 3371 Ele-

274 3415 648 3489 vationem
699 3416 773 3489 in
827 3416 1052 3490 missa
1104 3415 1557 3491 Vicariorum
1613 3417 1900 3506 factam,
1958 3424 2332 3493 teneantur
2387 3418 2658 3513 singuli
2734 3418 3053 3494 Praelati
3108 3428 3179 3493 et

269 3536 636 3611 Canonici
687 3538 954 3612 intrare
1020 3536 1454 3635 Capitulum.
1550 3538 1764 3627 Quod
1819 3539 1885 3612 si
1939 3539 2101 3634 quis
2156 3548 2533 3636 antequam
2609 3566 2887 3616 summa
2961 3542 3181 3615 missa

264 3660 615 3754 incaepta
667 3660 884 3733 fuerit
937 3658 1346 3757 Capitulum
1398 3660 1686 3755 ingredi
1740 3663 2173 3755 neglexerit,
2230 3664 2399 3738 talis
2455 3665 2786 3738 omnibus
2843 3663 3177 3739 distribu-

269 3782 602 3853 tionibus
670 3782 798 3854 illo
871 3780 987 3855 die
1059 3784 1646 3879 provenientibus
1721 3785 1816 3857 sit
1885 3785 2229 3881 privatus.
2321 3786 2409 3858 In
2464 3809 2605 3882 quo
2678 3786 3180 3862 Procuratoris

267 3903 724 3976 conscientia
779 3904 900 3999 qui
954 3927 1171 4002 super
1221 3905 1361 3979 hoc
1417 3906 1669 3980 oculos
1726 3906 2039 4000 dirigere
2096 3908 2330 3998 debet,
2389 3917 2748 3991 oneratur.
2982 3892 2989 3901 ’

1522 4252 1934 4352 LXXIV.

267 4456 384 4537 De
438 4455 897 4557 prohibenda
951 4459 1351 4557 sepultura
1405 4458 1620 4542 iaicis
1667 4460 1735 4541 in
1774 4461 2125 4544 Ecclesia
2181 4461 2608 4544 cathedrali
2665 4462 3172 4549 cracoviensi.

485 4665 601 4739 Ne
639 4666 824 4740 fetor
865 4691 958 4740 ex
992 4669 1350 4763 frequenti
1389 4671 1852 4745 tumulatione
1908 4680 2249 4748 causatus
2305 4681 2632 4747 caeteros
2668 4675 2959 4767 inficiat,
3024 4685 3171 4751 sta-

265 4788 564 4879 tuimus,
622 4790 810 4885 quod
869 4788 1212 4888 deinceps
1280 4793 1602 4889 exceptis
1657 4792 2015 4869 Praelatis
2071 4804 2143 4869 et
2196 4795 2586 4871 Canonicis
2659 4796 3169 4875 Cracoviensis

264 4910 696 5000 Ecclesiae,
770 4933 979 4984 nemo
1037 4912 1632 5009 Presbyterorum
1689 4915 1844 4988 sive
1899 4914 2354 4992 Vicariorum
2410 4926 2532 4993 aut
2585 4942 3169 5018 quorumcunque

267 5031 600 5125 aliorum,
674 5031 828 5105 sive
884 5034 1094 5111 etiam
1167 5033 1510 5109 laicorum
1565 5038 1639 5110 in
1694 5036 2053 5131 Ecclesia,
2112 5040 2385 5135 absque
2441 5050 2707 5131 nostra,
2766 5051 2889 5117 aut
2942 5045 3168 5118 nostri

265 5152 549 5227 Vicarii
605 5177 692 5226 ac
745 5154 964 5229 totius
1019 5154 1336 5253 Capituli
1393 5156 1901 5234 Cracoviensis
1957 5183 2354 5253 consensu,
2411 5162 2500 5236 ad
2560 5164 2927 5238 vitandum
2984 5166 3159 5240 feto-

265 5298 388 5349 res
441 5300 536 5350 ex
588 5284 782 5350 motu
839 5278 1380 5374 sepulchrorum
1434 5290 1930 5378 erumpentes,
2005 5284 2240 5379 possit
2291 5292 2413 5358 aut
2468 5284 2728 5359 debeat
2778 5286 2852 5359 in
2907 5286 3165 5361 Eccle-

267 5398 382 5471 sia
433 5405 686 5473 nostra
740 5396 1213 5475 Cracoviensi
1269 5403 1624 5478 tumulari.
