<?xml version="1.0" encoding="UTF-8"?>
<!DOCTYPE html PUBLIC "-//W3C//DTD XHTML 1.0 Transitional//EN"
    "http://www.w3.org/TR/xhtml1/DTD/xhtml1-transitional.dtd">
<html xmlns="http://www.w3.org/1999/xhtml" xml:lang="en" lang="en">
 <head>
  <title>
</title>
<meta http-equiv="Content-Type" content="text/html;charset=utf-8" />
  <meta name='ocr-system' content='tesseract 3.04.00' />
  <meta name='ocr-capabilities' content='ocr_page ocr_carea ocr_par ocr_line ocrx_word'/>
</head>
<body>
  <div class='ocr_page' id='page_1' title='image "./statutacapitula00nykogoog_0225.png"; bbox 0 0 4055 6364; ppageno 0'>
   <div class='ocr_carea' id='block_1_1' title="bbox 2084 748 2655 822">
    <p class='ocr_par' dir='ltr' id='par_1_1' title="bbox 2084 748 2655 822">
     <span class='ocr_line' id='line_1_1' title="bbox 2084 748 2655 822; baseline -0.004 0"><span class='ocrx_word' id='word_1_1' title='bbox 2084 748 2655 822; x_wconf 78' lang='lat'>—202—</span> 
     </span>
    </p>
   </div>
   <div class='ocr_carea' id='block_1_2' title="bbox 897 943 3906 4099">
    <p class='ocr_par' dir='ltr' id='par_1_2' title="bbox 897 943 3828 3249">
     <span class='ocr_line' id='line_1_2' title="bbox 913 943 3828 1052; baseline 0 -20"><span class='ocrx_word' id='word_1_2' title='bbox 913 943 1318 1052; x_wconf 81' lang='lat' dir='ltr'><strong>gentesimo</strong></span> <span class='ocrx_word' id='word_1_3' title='bbox 1389 955 1708 1030; x_wconf 88' lang='lat' dir='ltr'><strong>secundo</strong></span> <span class='ocrx_word' id='word_1_4' title='bbox 1763 955 1858 1028; x_wconf 90' lang='lat' dir='ltr'><strong>ab</strong></span> <span class='ocrx_word' id='word_1_5' title='bbox 1907 953 2277 1048; x_wconf 87' lang='lat' dir='ltr'><strong>incendio,</strong></span> <span class='ocrx_word' id='word_1_6' title='bbox 2336 955 2473 1028; x_wconf 90' lang='lat' dir='ltr'><strong>hac</strong></span> <span class='ocrx_word' id='word_1_7' title='bbox 2526 953 2643 1030; x_wconf 88' lang='lat' dir='ltr'><strong>die</strong></span> <span class='ocrx_word' id='word_1_8' title='bbox 2698 955 2933 1029; x_wconf 89' lang='lat' dir='ltr'><strong>noctis</strong></span> <span class='ocrx_word' id='word_1_9' title='bbox 3002 955 3185 1030; x_wconf 87' lang='lat' dir='ltr'><strong>hora</strong></span> <span class='ocrx_word' id='word_1_10' title='bbox 3238 956 3449 1030; x_wconf 83' lang='lat' dir='ltr'><strong>tertia</strong></span> <span class='ocrx_word' id='word_1_11' title='bbox 3498 957 3571 1030; x_wconf 91' lang='lat' dir='ltr'><strong>in</strong></span> <span class='ocrx_word' id='word_1_12' title='bbox 3628 955 3828 1033; x_wconf 84' lang='lat' dir='ltr'><strong>Arce</strong></span> 
     </span>
     <span class='ocr_line' id='line_1_3' title="bbox 913 1075 3823 1174; baseline 0 -20"><span class='ocrx_word' id='word_1_13' title='bbox 913 1079 1152 1174; x_wconf 83' lang='lat' dir='ltr'><strong>Regia</strong></span> <span class='ocrx_word' id='word_1_14' title='bbox 1223 1077 1456 1154; x_wconf 89' lang='lat' dir='ltr'><strong>eidem</strong></span> <span class='ocrx_word' id='word_1_15' title='bbox 1521 1077 1904 1153; x_wconf 76' lang='lat' dir='ltr'><strong>Ecclesiae</strong></span> <span class='ocrx_word' id='word_1_16' title='bbox 1958 1077 2303 1171; x_wconf 86' lang='lat' dir='ltr'><strong>contigua</strong></span> <span class='ocrx_word' id='word_1_17' title='bbox 2324 1133 2340 1161; x_wconf 83' lang='grc'>,</span> <span class='ocrx_word' id='word_1_18' title='bbox 2396 1101 2441 1151; x_wconf 88' lang='lat' dir='ltr'><strong>a</strong></span> <span class='ocrx_word' id='word_1_19' title='bbox 2494 1075 2969 1174; x_wconf 86' lang='lat' dir='ltr'><strong>praesidiario</strong></span> <span class='ocrx_word' id='word_1_20' title='bbox 3042 1077 3264 1150; x_wconf 87' lang='lat' dir='ltr'><strong>milite</strong></span> <span class='ocrx_word' id='word_1_21' title='bbox 3338 1076 3587 1152; x_wconf 86' lang='lat' dir='ltr'><strong>Caroli</strong></span> <span class='ocrx_word' id='word_1_22' title='bbox 3640 1079 3823 1154; x_wconf 93' lang='lat' dir='ltr'>XII.</span> 
     </span>
     <span class='ocr_line' id='line_1_4' title="bbox 915 1195 3825 1294; baseline 0 -20"><span class='ocrx_word' id='word_1_23' title='bbox 915 1200 1144 1294; x_wconf 83' lang='lat' dir='ltr'><strong>Regis</strong></span> <span class='ocrx_word' id='word_1_24' title='bbox 1183 1198 1487 1276; x_wconf 88' lang='lat' dir='ltr'><strong>Sueciae</strong></span> <span class='ocrx_word' id='word_1_25' title='bbox 1524 1200 1860 1294; x_wconf 84' lang='lat' dir='ltr'><strong>excitato,</strong></span> <span class='ocrx_word' id='word_1_26' title='bbox 1897 1197 2184 1273; x_wconf 83' lang='lat' dir='ltr'><strong>Census</strong></span> <span class='ocrx_word' id='word_1_27' title='bbox 2220 1197 2651 1272; x_wconf 90' lang='lat' dir='ltr'><strong>florenorum</strong></span> <span class='ocrx_word' id='word_1_28' title='bbox 2690 1195 2993 1273; x_wconf 81' lang='lat' dir='ltr'><strong>Centum</strong></span> <span class='ocrx_word' id='word_1_29' title='bbox 3024 1197 3501 1294; x_wconf 83' lang='lat' dir='ltr'><strong>quadraginta</strong></span> <span class='ocrx_word' id='word_1_30' title='bbox 3540 1225 3585 1273; x_wconf 88' lang='lat' dir='ltr'><strong>a</strong></span> <span class='ocrx_word' id='word_1_31' title='bbox 3618 1201 3825 1276; x_wconf 91' lang='lat' dir='ltr'><strong>Duo·</strong></span> 
     </span>
     <span class='ocr_line' id='line_1_5' title="bbox 913 1319 3822 1418; baseline 0.001 -22"><span class='ocrx_word' id='word_1_32' title='bbox 913 1323 1052 1398; x_wconf 88' lang='lat' dir='ltr'><strong>bus</strong></span> <span class='ocrx_word' id='word_1_33' title='bbox 1106 1321 1426 1396; x_wconf 90' lang='lat' dir='ltr'><strong>millibus</strong></span> <span class='ocrx_word' id='word_1_34' title='bbox 1495 1319 1830 1396; x_wconf 79' lang='lat' dir='ltr'><strong>Summae</strong></span> <span class='ocrx_word' id='word_1_35' title='bbox 1901 1320 2239 1418; x_wconf 86' lang='lat' dir='ltr'><strong>capitalis</strong></span> <span class='ocrx_word' id='word_1_36' title='bbox 2304 1343 2397 1394; x_wconf 87' lang='lat' dir='ltr'><strong>ex</strong></span> <span class='ocrx_word' id='word_1_37' title='bbox 2450 1319 2663 1394; x_wconf 91' lang='lat' dir='ltr'><strong>bonis</strong></span> <span class='ocrx_word' id='word_1_38' title='bbox 2726 1319 3055 1395; x_wconf 84' lang='lat' dir='ltr'><strong>Nadzow</strong></span> <span class='ocrx_word' id='word_1_39' title='bbox 3110 1329 3183 1394; x_wconf 93' lang='lat' dir='ltr'><strong>et</strong></span> <span class='ocrx_word' id='word_1_40' title='bbox 3236 1319 3491 1396; x_wconf 83' lang='lat' dir='ltr'><strong>Bolow</strong></span> <span class='ocrx_word' id='word_1_41' title='bbox 3562 1345 3822 1418; x_wconf 87' lang='lat' dir='ltr'><strong>prove-</strong></span> 
     </span>
     <span class='ocr_line' id='line_1_6' title="bbox 915 1438 3819 1542; baseline 0 -25"><span class='ocrx_word' id='word_1_42' title='bbox 915 1443 1160 1536; x_wconf 87' lang='lat' dir='ltr'><strong>niens,</strong></span> <span class='ocrx_word' id='word_1_43' title='bbox 1233 1443 1335 1518; x_wconf 88' lang='lat' dir='ltr'><strong>ita</strong></span> <span class='ocrx_word' id='word_1_44' title='bbox 1389 1443 1896 1518; x_wconf 78' lang='lat' dir='ltr'><strong>distribuatur:</strong></span> <span class='ocrx_word' id='word_1_45' title='bbox 1953 1441 2295 1516; x_wconf 79' lang='lat' dir='ltr'><strong>videlicet</strong></span> <span class='ocrx_word' id='word_1_46' title='bbox 2348 1440 2859 1516; x_wconf 85' lang='lat' dir='ltr'><strong>Concionatori</strong></span> <span class='ocrx_word' id='word_1_47' title='bbox 2928 1438 3083 1541; x_wconf 89' lang='lat' dir='ltr'><strong>(qui</strong></span> <span class='ocrx_word' id='word_1_48' title='bbox 3132 1443 3425 1518; x_wconf 78' lang='lat' dir='ltr'><strong>zelosus</strong></span> <span class='ocrx_word' id='word_1_49' title='bbox 3480 1453 3552 1518; x_wconf 93' lang='lat' dir='ltr'><strong>et</strong></span> <span class='ocrx_word' id='word_1_50' title='bbox 3604 1445 3819 1542; x_wconf 86' lang='lat' dir='ltr'><strong>spiri·</strong></span> 
     </span>
     <span class='ocr_line' id='line_1_7' title="bbox 914 1559 3820 1664; baseline 0 -24"><span class='ocrx_word' id='word_1_51' title='bbox 914 1565 1204 1640; x_wconf 86' lang='lat' dir='ltr'><strong>tualiter</strong></span> <span class='ocrx_word' id='word_1_52' title='bbox 1255 1562 1350 1638; x_wconf 88' lang='lat' dir='ltr'><strong>ad</strong></span> <span class='ocrx_word' id='word_1_53' title='bbox 1404 1587 1533 1648; x_wconf 86' lang='lat' dir='ltr'><strong>cor</strong></span> <span class='ocrx_word' id='word_1_54' title='bbox 1583 1565 1890 1660; x_wconf 87' lang='lat' dir='ltr'><strong>loquens</strong></span> <span class='ocrx_word' id='word_1_55' title='bbox 1944 1586 2233 1661; x_wconf 77' lang='lat' dir='ltr'><strong>semper</strong></span> <span class='ocrx_word' id='word_1_56' title='bbox 2284 1559 2653 1664; x_wconf 86' lang='lat' dir='ltr'><strong>invitetur)</strong></span> <span class='ocrx_word' id='word_1_57' title='bbox 2710 1563 2967 1638; x_wconf 82' lang='lat' dir='ltr'><strong>(lentur</strong></span> <span class='ocrx_word' id='word_1_58' title='bbox 3018 1563 3273 1639; x_wconf 87' lang='lat' dir='ltr'><strong>floreni</strong></span> <span class='ocrx_word' id='word_1_59' title='bbox 3330 1566 3622 1662; x_wconf 81' lang='lat' dir='ltr'><strong>viginti3</strong></span> <span class='ocrx_word' id='word_1_60' title='bbox 3680 1565 3820 1640; x_wconf 84' lang='lat' dir='ltr'><strong>Oa-</strong></span> 
     </span>
     <span class='ocr_line' id='line_1_8' title="bbox 914 1683 3822 1796; baseline 0 -36"><span class='ocrx_word' id='word_1_61' title='bbox 914 1686 1154 1784; x_wconf 89' lang='lat' dir='ltr'><strong>pellae</strong></span> <span class='ocrx_word' id='word_1_62' title='bbox 1223 1685 1666 1796; x_wconf 88' lang='lat' dir='ltr'><strong>Musicorum</strong></span> <span class='ocrx_word' id='word_1_63' title='bbox 1737 1685 1993 1760; x_wconf 89' lang='lat' dir='ltr'><strong>floreni</strong></span> <span class='ocrx_word' id='word_1_64' title='bbox 2066 1685 2363 1780; x_wconf 83' lang='lat' dir='ltr'><strong>viginti3</strong></span> <span class='ocrx_word' id='word_1_65' title='bbox 2418 1683 2872 1760; x_wconf 89' lang='lat' dir='ltr'><strong>Reverendis</strong></span> <span class='ocrx_word' id='word_1_66' title='bbox 2944 1683 3301 1778; x_wconf 86' lang='lat' dir='ltr'><strong>Vicariis,</strong></span> <span class='ocrx_word' id='word_1_67' title='bbox 3376 1688 3500 1784; x_wconf 87' lang='lat' dir='ltr'><strong>qui</strong></span> <span class='ocrx_word' id='word_1_68' title='bbox 3572 1709 3822 1762; x_wconf 86' lang='lat' dir='ltr'><strong>omnes</strong></span> 
     </span>
     <span class='ocr_line' id='line_1_9' title="bbox 915 1787 3825 1902; baseline 0 -21"><span class='ocrx_word' id='word_1_69' title='bbox 915 1815 1080 1882; x_wconf 87' lang='lat' dir='ltr'><strong>ante</strong></span> <span class='ocrx_word' id='word_1_70' title='bbox 1117 1787 1372 1882; x_wconf 72' lang='lat' dir='ltr'><strong>Altare</strong></span> <span class='ocrx_word' id='word_1_71' title='bbox 1413 1806 1645 1882; x_wconf 88' lang='lat' dir='ltr'><strong>maius</strong></span> <span class='ocrx_word' id='word_1_72' title='bbox 1682 1830 1922 1882; x_wconf 88' lang='lat' dir='ltr'><strong>coram</strong></span> <span class='ocrx_word' id='word_1_73' title='bbox 1961 1804 2435 1880; x_wconf 87' lang='lat' dir='ltr'><strong>Sanctissimo</strong></span> <span class='ocrx_word' id='word_1_74' title='bbox 2472 1809 2919 1902; x_wconf 86' lang='lat' dir='ltr'><strong>congregati,</strong></span> <span class='ocrx_word' id='word_1_75' title='bbox 2958 1809 3387 1883; x_wconf 85' lang='lat' dir='ltr'><strong>cantabunt:</strong></span> <span class='ocrx_word' id='word_1_76' title='bbox 3448 1807 3548 1882; x_wconf 84' lang='lat' dir='ltr'><strong>Te</strong></span> <span class='ocrx_word' id='word_1_77' title='bbox 3582 1807 3825 1883; x_wconf 77' lang='lat' dir='ltr'><strong>Deum</strong></span> 
     </span>
     <span class='ocr_line' id='line_1_10' title="bbox 915 1925 3819 2025; baseline 0.001 -23"><span class='ocrx_word' id='word_1_78' title='bbox 915 1926 1313 2022; x_wconf 75' lang='lat' dir='ltr'><strong>laudamus,</strong></span> <span class='ocrx_word' id='word_1_79' title='bbox 1349 1929 1602 2004; x_wconf 88' lang='lat' dir='ltr'><strong>floreni</strong></span> <span class='ocrx_word' id='word_1_80' title='bbox 1651 1929 1932 2024; x_wconf 83' lang='lat' dir='ltr'><strong>decem3</strong></span> <span class='ocrx_word' id='word_1_81' title='bbox 1971 1928 2253 2002; x_wconf 89' lang='lat' dir='ltr'><strong>Novem</strong></span> <span class='ocrx_word' id='word_1_82' title='bbox 2293 1925 2841 2020; x_wconf 85' lang='lat' dir='ltr'><strong>Sacerdotibus,</strong></span> <span class='ocrx_word' id='word_1_83' title='bbox 2898 1953 3195 2025; x_wconf 89' lang='lat' dir='ltr'><strong>qnorum</strong></span> <span class='ocrx_word' id='word_1_84' title='bbox 3248 1938 3399 2004; x_wconf 90' lang='lat' dir='ltr'><strong>tres</strong></span> <span class='ocrx_word' id='word_1_85' title='bbox 3452 1931 3544 2004; x_wconf 90' lang='lat' dir='ltr'><strong>ad</strong></span> <span class='ocrx_word' id='word_1_86' title='bbox 3602 1929 3819 2006; x_wconf 86' lang='lat' dir='ltr'><strong>Cibo-</strong></span> 
     </span>
     <span class='ocr_line' id='line_1_11' title="bbox 897 2048 3821 2148; baseline 0 -23"><span class='ocrx_word' id='word_1_87' title='bbox 897 2050 1117 2145; x_wconf 70' lang='lat' dir='ltr'><strong>‘rium,</strong></span> <span class='ocrx_word' id='word_1_88' title='bbox 1173 2059 1324 2126; x_wconf 87' lang='lat' dir='ltr'><strong>tres</strong></span> <span class='ocrx_word' id='word_1_89' title='bbox 1377 2049 1470 2124; x_wconf 90' lang='lat' dir='ltr'><strong>ad</strong></span> <span class='ocrx_word' id='word_1_90' title='bbox 1525 2049 1855 2145; x_wconf 83' lang='lat' dir='ltr'><strong>Crucem,</strong></span> <span class='ocrx_word' id='word_1_91' title='bbox 1914 2058 2060 2124; x_wconf 86' lang='lat' dir='ltr'><strong>tres</strong></span> <span class='ocrx_word' id='word_1_92' title='bbox 2116 2051 2207 2126; x_wconf 89' lang='lat' dir='ltr'><strong>ad</strong></span> <span class='ocrx_word' id='word_1_93' title='bbox 2265 2048 2741 2148; x_wconf 77' lang='lat' dir='ltr'><strong>Sepulchrum</strong></span> <span class='ocrx_word' id='word_1_94' title='bbox 2797 2049 2872 2125; x_wconf 87' lang='lat' dir='ltr'><strong>S.</strong></span> <span class='ocrx_word' id='word_1_95' title='bbox 2932 2050 3315 2146; x_wconf 85' lang='lat' dir='ltr'><strong>Stanislai,</strong></span> <span class='ocrx_word' id='word_1_96' title='bbox 3392 2052 3647 2128; x_wconf 85' lang='lat' dir='ltr'><strong>eadem</strong></span> <span class='ocrx_word' id='word_1_97' title='bbox 3700 2053 3821 2127; x_wconf 91' lang='lat' dir='ltr'><strong>die</strong></span> 
     </span>
     <span class='ocr_line' id='line_1_12' title="bbox 913 2169 3823 2270; baseline 0.001 -24"><span class='ocrx_word' id='word_1_98' title='bbox 913 2171 1193 2246; x_wconf 87' lang='lat' dir='ltr'><strong>decima</strong></span> <span class='ocrx_word' id='word_1_99' title='bbox 1247 2172 1494 2269; x_wconf 88' lang='lat' dir='ltr'><strong>quinta</strong></span> <span class='ocrx_word' id='word_1_100' title='bbox 1558 2169 2005 2270; x_wconf 77' lang='lat' dir='ltr'><strong>Septembris</strong></span> <span class='ocrx_word' id='word_1_101' title='bbox 2071 2171 2311 2246; x_wconf 88' lang='lat' dir='ltr'><strong>dicent</strong></span> <span class='ocrx_word' id='word_1_102' title='bbox 2362 2181 2511 2247; x_wconf 87' lang='lat' dir='ltr'><strong>tres</strong></span> <span class='ocrx_word' id='word_1_103' title='bbox 2563 2173 2794 2248; x_wconf 87' lang='lat' dir='ltr'><strong>lectas</strong></span> <span class='ocrx_word' id='word_1_104' title='bbox 2859 2173 3131 2250; x_wconf 87' lang='lat' dir='ltr'><strong>Missas</strong></span> <span class='ocrx_word' id='word_1_105' title='bbox 3200 2174 3294 2248; x_wconf 92' lang='lat' dir='ltr'><strong>de</strong></span> <span class='ocrx_word' id='word_1_106' title='bbox 3348 2171 3823 2250; x_wconf 87' lang='lat' dir='ltr'><strong>Sanctissima</strong></span> 
     </span>
     <span class='ocr_line' id='line_1_13' title="bbox 901 2292 3821 2392; baseline 0.001 -24"><span class='ocrx_word' id='word_1_107' title='bbox 901 2292 1268 2368; x_wconf 79' lang='lat' dir='ltr'><strong>&#39;Trinitate</strong></span> <span class='ocrx_word' id='word_1_108' title='bbox 1342 2316 1502 2368; x_wconf 90' lang='lat' dir='ltr'><strong>cum</strong></span> <span class='ocrx_word' id='word_1_109' title='bbox 1556 2293 1888 2368; x_wconf 82' lang='lat' dir='ltr'><strong>Collecta</strong></span> <span class='ocrx_word' id='word_1_110' title='bbox 1941 2317 2075 2391; x_wconf 94' lang='lat' dir='ltr'><strong>pro</strong></span> <span class='ocrx_word' id='word_1_111' title='bbox 2126 2295 2519 2388; x_wconf 85' lang='lat' dir='ltr'><strong>gratiarum</strong></span> <span class='ocrx_word' id='word_1_112' title='bbox 2574 2296 2881 2390; x_wconf 86' lang='lat' dir='ltr'><strong>actione,</strong></span> <span class='ocrx_word' id='word_1_113' title='bbox 2954 2296 3210 2372; x_wconf 87' lang='lat' dir='ltr'><strong>floreni</strong></span> <span class='ocrx_word' id='word_1_114' title='bbox 3281 2320 3579 2392; x_wconf 84' lang='lat' dir='ltr'><strong>novem3</strong></span> <span class='ocrx_word' id='word_1_115' title='bbox 3650 2299 3821 2372; x_wconf 88' lang='lat' dir='ltr'><strong>item</strong></span> 
     </span>
     <span class='ocr_line' id='line_1_14' title="bbox 913 2413 3823 2513; baseline 0 -22"><span class='ocrx_word' id='word_1_116' title='bbox 913 2415 1144 2492; x_wconf 86' lang='lat' dir='ltr'><strong>tribus</strong></span> <span class='ocrx_word' id='word_1_117' title='bbox 1199 2413 1736 2508; x_wconf 80' lang='lat' dir='ltr'><strong>Sacerdotibus,</strong></span> <span class='ocrx_word' id='word_1_118' title='bbox 1776 2416 1898 2512; x_wconf 86' lang='lat' dir='ltr'><strong>qui</strong></span> <span class='ocrx_word' id='word_1_119' title='bbox 1936 2416 2213 2492; x_wconf 87' lang='lat' dir='ltr'><strong>similes</strong></span> <span class='ocrx_word' id='word_1_120' title='bbox 2266 2415 2539 2490; x_wconf 87' lang='lat' dir='ltr'><strong>Missas</strong></span> <span class='ocrx_word' id='word_1_121' title='bbox 2568 2416 2877 2492; x_wconf 87' lang='lat' dir='ltr'><strong>Votivas</strong></span> <span class='ocrx_word' id='word_1_122' title='bbox 2913 2417 3165 2513; x_wconf 87' lang='lat' dir='ltr'><strong>lectas,</strong></span> <span class='ocrx_word' id='word_1_123' title='bbox 3206 2417 3453 2492; x_wconf 87' lang='lat' dir='ltr'><strong>addita</strong></span> <span class='ocrx_word' id='word_1_124' title='bbox 3490 2417 3823 2494; x_wconf 83' lang='lat' dir='ltr'><strong>Collecta</strong></span> 
     </span>
     <span class='ocr_line' id='line_1_15' title="bbox 914 2519 3819 2632; baseline 0.002 -21"><span class='ocrx_word' id='word_1_125' title='bbox 914 2519 1004 2612; x_wconf 84' lang='lat' dir='ltr'><strong>de</strong></span> <span class='ocrx_word' id='word_1_126' title='bbox 1057 2537 1510 2632; x_wconf 85' lang='lat' dir='ltr'><strong>Beatissima,</strong></span> <span class='ocrx_word' id='word_1_127' title='bbox 1577 2536 1818 2612; x_wconf 88' lang='lat' dir='ltr'><strong>dicent</strong></span> <span class='ocrx_word' id='word_1_128' title='bbox 1869 2539 1944 2611; x_wconf 91' lang='lat' dir='ltr'><strong>in</strong></span> <span class='ocrx_word' id='word_1_129' title='bbox 1998 2536 2264 2612; x_wconf 86' lang='lat' dir='ltr'><strong>Arenis</strong></span> <span class='ocrx_word' id='word_1_130' title='bbox 2318 2561 2559 2611; x_wconf 88' lang='lat' dir='ltr'><strong>coram</strong></span> <span class='ocrx_word' id='word_1_131' title='bbox 2604 2539 2921 2632; x_wconf 84' lang='lat' dir='ltr'><strong>imagine</strong></span> <span class='ocrx_word' id='word_1_132' title='bbox 2994 2540 3425 2615; x_wconf 88' lang='lat' dir='ltr'><strong>miraculosa</strong></span> <span class='ocrx_word' id='word_1_133' title='bbox 3498 2540 3819 2616; x_wconf 84' lang='lat' dir='ltr'><strong>eiusdem</strong></span> 
     </span>
     <span class='ocr_line' id='line_1_16' title="bbox 911 2659 3821 2752; baseline 0.001 -18"><span class='ocrx_word' id='word_1_134' title='bbox 911 2659 1412 2752; x_wconf 84' lang='lat' dir='ltr'><strong>Beatissimae,</strong></span> <span class='ocrx_word' id='word_1_135' title='bbox 1469 2659 1724 2735; x_wconf 89' lang='lat' dir='ltr'><strong>floreni</strong></span> <span class='ocrx_word' id='word_1_136' title='bbox 1755 2669 1927 2734; x_wconf 88' lang='lat' dir='ltr'><strong>tres.</strong></span> <span class='ocrx_word' id='word_1_137' title='bbox 1985 2659 2130 2734; x_wconf 89' lang='lat' dir='ltr'><strong>Pro</strong></span> <span class='ocrx_word' id='word_1_138' title='bbox 2185 2683 2354 2733; x_wconf 87' lang='lat' dir='ltr'><strong>cera</strong></span> <span class='ocrx_word' id='word_1_139' title='bbox 2412 2669 2482 2733; x_wconf 87' lang='lat' dir='ltr'><strong>et</strong></span> <span class='ocrx_word' id='word_1_140' title='bbox 2536 2660 2706 2734; x_wconf 87' lang='lat' dir='ltr'><strong>vino</strong></span> <span class='ocrx_word' id='word_1_141' title='bbox 2742 2661 2815 2733; x_wconf 92' lang='lat' dir='ltr'><strong>in</strong></span> <span class='ocrx_word' id='word_1_142' title='bbox 2854 2659 3105 2736; x_wconf 88' lang='lat' dir='ltr'><strong>eadem</strong></span> <span class='ocrx_word' id='word_1_143' title='bbox 3160 2662 3611 2736; x_wconf 85' lang='lat' dir='ltr'><strong>solemnitate</strong></span> <span class='ocrx_word' id='word_1_144' title='bbox 3649 2665 3821 2738; x_wconf 89' lang='lat' dir='ltr'><strong>sub·</strong></span> 
     </span>
     <span class='ocr_line' id='line_1_17' title="bbox 913 2775 3821 2878; baseline 0.001 -23"><span class='ocrx_word' id='word_1_145' title='bbox 913 2775 1404 2855; x_wconf 85' lang='lat' dir='ltr'><strong>ministrandis</strong></span> <span class='ocrx_word' id='word_1_146' title='bbox 1440 2780 1534 2854; x_wconf 87' lang='lat' dir='ltr'><strong>ad</strong></span> <span class='ocrx_word' id='word_1_147' title='bbox 1571 2779 1991 2856; x_wconf 86' lang='lat' dir='ltr'><strong>Sacristiam</strong></span> <span class='ocrx_word' id='word_1_148' title='bbox 2047 2781 2303 2855; x_wconf 88' lang='lat' dir='ltr'><strong>floreni</strong></span> <span class='ocrx_word' id='word_1_149' title='bbox 2358 2783 2850 2878; x_wconf 80' lang='lat' dir='ltr'><strong>septuaginta3</strong></span> <span class='ocrx_word' id='word_1_150' title='bbox 2907 2781 3358 2858; x_wconf 88' lang='lat' dir='ltr'><strong>Reverendis</strong></span> <span class='ocrx_word' id='word_1_151' title='bbox 3392 2781 3821 2858; x_wconf 87' lang='lat' dir='ltr'><strong>Viceeusto-</strong></span> 
     </span>
     <span class='ocr_line' id='line_1_18' title="bbox 913 2901 3825 3000; baseline 0.001 -23"><span class='ocrx_word' id='word_1_152' title='bbox 913 2902 1127 2977; x_wconf 89' lang='lat' dir='ltr'><strong>dibus</strong></span> <span class='ocrx_word' id='word_1_153' title='bbox 1181 2925 1311 2998; x_wconf 89' lang='lat' dir='ltr'><strong>pro</strong></span> <span class='ocrx_word' id='word_1_154' title='bbox 1383 2903 1636 2978; x_wconf 91' lang='lat' dir='ltr'><strong>labore</strong></span> <span class='ocrx_word' id='word_1_155' title='bbox 1703 2903 1956 2978; x_wconf 88' lang='lat' dir='ltr'><strong>floreni</strong></span> <span class='ocrx_word' id='word_1_156' title='bbox 2015 2927 2176 3000; x_wconf 81' lang='lat' dir='ltr'><strong>sex3</strong></span> <span class='ocrx_word' id='word_1_157' title='bbox 2248 2901 2693 2978; x_wconf 82' lang='lat' dir='ltr'><strong>Sanctuariis</strong></span> <span class='ocrx_word' id='word_1_158' title='bbox 2762 2905 2947 2978; x_wconf 87' lang='lat' dir='ltr'><strong>alias</strong></span> <span class='ocrx_word' id='word_1_159' title='bbox 3017 2903 3493 2998; x_wconf 72' lang='lat' dir='ltr'><strong>Swiatnikom</strong></span> <span class='ocrx_word' id='word_1_160' title='bbox 3563 2907 3825 2981; x_wconf 87' lang='lat' dir='ltr'><strong>floreni</strong></span> 
     </span>
     <span class='ocr_line' id='line_1_19' title="bbox 915 3023 3818 3127; baseline 0.001 -28"><span class='ocrx_word' id='word_1_161' title='bbox 915 3025 1080 3100; x_wconf 90' lang='lat' dir='ltr'><strong>duo.</strong></span> <span class='ocrx_word' id='word_1_162' title='bbox 1161 3023 1493 3100; x_wconf 84' lang='lat' dir='ltr'><strong>Joannes</strong></span> <span class='ocrx_word' id='word_1_163' title='bbox 1541 3024 2096 3117; x_wconf 74' lang='lat' dir='ltr'><strong>Luczkiewicz‚</strong></span> <span class='ocrx_word' id='word_1_164' title='bbox 2156 3025 2569 3099; x_wconf 83' lang='lat' dir='ltr'><strong>Canonieus</strong></span> <span class='ocrx_word' id='word_1_165' title='bbox 2624 3025 3175 3118; x_wconf 84' lang='lat' dir='ltr'><strong>Cracoviensis,</strong></span> <span class='ocrx_word' id='word_1_166' title='bbox 3232 3052 3447 3103; x_wconf 91' lang='lat' dir='ltr'><strong>manu</strong></span> <span class='ocrx_word' id='word_1_167' title='bbox 3500 3030 3818 3127; x_wconf 86' lang='lat' dir='ltr'><strong>propria.</strong></span> 
     </span>
     <span class='ocr_line' id='line_1_20' title="bbox 913 3144 3821 3249; baseline 0.001 -27"><span class='ocrx_word' id='word_1_168' title='bbox 913 3146 1236 3223; x_wconf 86' lang='lat' dir='ltr'><strong>Michael</strong></span> <span class='ocrx_word' id='word_1_169' title='bbox 1273 3144 1636 3221; x_wconf 89' lang='lat' dir='ltr'><strong>Szembek</strong></span> <span class='ocrx_word' id='word_1_170' title='bbox 1663 3147 2029 3241; x_wconf 75' lang='lat' dir='ltr'><strong>DecanuS,</strong></span> <span class='ocrx_word' id='word_1_171' title='bbox 2068 3148 2352 3223; x_wconf 91' lang='lat' dir='ltr'><strong>nomine</strong></span> <span class='ocrx_word' id='word_1_172' title='bbox 2384 3145 2846 3224; x_wconf 87' lang='lat' dir='ltr'><strong>Venerabilis</strong></span> <span class='ocrx_word' id='word_1_173' title='bbox 2882 3147 3221 3248; x_wconf 81' lang='lat' dir='ltr'><strong>Capituli,</strong></span> <span class='ocrx_word' id='word_1_174' title='bbox 3262 3173 3475 3225; x_wconf 87' lang='lat' dir='ltr'><strong>mann</strong></span> <span class='ocrx_word' id='word_1_175' title='bbox 3505 3151 3821 3249; x_wconf 87' lang='lat' dir='ltr'><strong>propria.</strong></span> 
     </span>
    </p>

    <p class='ocr_par' dir='ltr' id='par_1_3' title="bbox 911 3248 3906 4099">
     <span class='ocr_line' id='line_1_21' title="bbox 1119 3248 3821 3368; baseline 0.001 -24"><span class='ocrx_word' id='word_1_176' title='bbox 1119 3272 1328 3346; x_wconf 87' lang='lat' dir='ltr'><strong>Duas</strong></span> <span class='ocrx_word' id='word_1_177' title='bbox 1381 3248 1670 3345; x_wconf 87' lang='lat' dir='ltr'><strong>tabulas</strong></span> <span class='ocrx_word' id='word_1_178' title='bbox 1723 3293 2165 3344; x_wconf 89' lang='lat' dir='ltr'><strong>marmoreas</strong></span> <span class='ocrx_word' id='word_1_179' title='bbox 2220 3294 2351 3367; x_wconf 90' lang='lat' dir='ltr'><strong>pro</strong></span> <span class='ocrx_word' id='word_1_180' title='bbox 2406 3272 2997 3368; x_wconf 87' lang='lat' dir='ltr'><strong>inscriptionibus</strong></span> <span class='ocrx_word' id='word_1_181' title='bbox 3060 3273 3387 3349; x_wconf 85' lang='lat' dir='ltr'><strong>binarum</strong></span> <span class='ocrx_word' id='word_1_182' title='bbox 3442 3274 3821 3348; x_wconf 89' lang='lat' dir='ltr'><strong>memoria-</strong></span> 
     </span>
     <span class='ocr_line' id='line_1_22' title="bbox 915 3390 3823 3489; baseline 0 -21"><span class='ocrx_word' id='word_1_183' title='bbox 915 3415 1070 3468; x_wconf 90' lang='lat' dir='ltr'><strong>rum</strong></span> <span class='ocrx_word' id='word_1_184' title='bbox 1127 3400 1670 3489; x_wconf 87' lang='lat' dir='ltr'><strong>perpetuarum,</strong></span> <span class='ocrx_word' id='word_1_185' title='bbox 1743 3390 2079 3465; x_wconf 90' lang='lat' dir='ltr'><strong>videlicet</strong></span> <span class='ocrx_word' id='word_1_186' title='bbox 2142 3392 2419 3466; x_wconf 84' lang='lat' dir='ltr'><strong>Missae</strong></span> <span class='ocrx_word' id='word_1_187' title='bbox 2495 3391 2805 3467; x_wconf 87' lang='lat' dir='ltr'><strong>Votivae</strong></span> <span class='ocrx_word' id='word_1_188' title='bbox 2876 3394 3267 3487; x_wconf 86' lang='lat' dir='ltr'><strong>gratiarum</strong></span> <span class='ocrx_word' id='word_1_189' title='bbox 3340 3394 3647 3469; x_wconf 88' lang='lat' dir='ltr'><strong>aetionis</strong></span> <span class='ocrx_word' id='word_1_190' title='bbox 3700 3394 3823 3469; x_wconf 88' lang='lat' dir='ltr'><strong>die</strong></span> 
     </span>
     <span class='ocr_line' id='line_1_23' title="bbox 911 3510 3906 3613; baseline 0.001 -26"><span class='ocrx_word' id='word_1_191' title='bbox 911 3513 1190 3588; x_wconf 84' lang='lat' dir='ltr'><strong>decima</strong></span> <span class='ocrx_word' id='word_1_192' title='bbox 1245 3514 1494 3609; x_wconf 86' lang='lat' dir='ltr'><strong>quinta</strong></span> <span class='ocrx_word' id='word_1_193' title='bbox 1548 3510 1994 3609; x_wconf 87' lang='lat' dir='ltr'><strong>Septembris</strong></span> <span class='ocrx_word' id='word_1_194' title='bbox 2044 3516 2524 3611; x_wconf 84' lang='lat' dir='ltr'><strong>peragendae,</strong></span> <span class='ocrx_word' id='word_1_195' title='bbox 2582 3523 2653 3588; x_wconf 91' lang='lat' dir='ltr'><strong>et</strong></span> <span class='ocrx_word' id='word_1_196' title='bbox 2708 3514 3207 3589; x_wconf 87' lang='lat' dir='ltr'><strong>Anniversarii</strong></span> <span class='ocrx_word' id='word_1_197' title='bbox 3282 3518 3607 3613; x_wconf 89' lang='lat' dir='ltr'><strong>perpetui</strong></span> <span class='ocrx_word' id='word_1_198' title='bbox 3678 3516 3821 3591; x_wconf 89' lang='lat' dir='ltr'><strong>Pe·</strong></span> <span class='ocrx_word' id='word_1_199' title='bbox 3898 3513 3906 3520; x_wconf 77' lang='grc'><strong>’</strong></span> 
     </span>
     <span class='ocr_line' id='line_1_24' title="bbox 911 3634 3824 3735; baseline 0.001 -26"><span class='ocrx_word' id='word_1_200' title='bbox 911 3635 1332 3709; x_wconf 82' lang='lat' dir='ltr'><strong>rillustrium</strong></span> <span class='ocrx_word' id='word_1_201' title='bbox 1405 3642 1477 3708; x_wconf 93' lang='lat' dir='ltr'><strong>et</strong></span> <span class='ocrx_word' id='word_1_202' title='bbox 1547 3634 2341 3709; x_wconf 83' lang='lat' dir='ltr'><strong>Reverendissimorum</strong></span> <span class='ocrx_word' id='word_1_203' title='bbox 2414 3636 2926 3731; x_wconf 89' lang='lat' dir='ltr'><strong>Dominorum‚</strong></span> <span class='ocrx_word' id='word_1_204' title='bbox 3002 3661 3134 3734; x_wconf 87' lang='lat' dir='ltr'><strong>pro</strong></span> <span class='ocrx_word' id='word_1_205' title='bbox 3206 3648 3539 3735; x_wconf 86' lang='lat' dir='ltr'><strong>exempta</strong></span> <span class='ocrx_word' id='word_1_206' title='bbox 3606 3662 3824 3713; x_wconf 86' lang='lat' dir='ltr'><strong>sacra</strong></span> 
     </span>
     <span class='ocr_line' id='line_1_25' title="bbox 913 3755 3821 3856; baseline 0.001 -27"><span class='ocrx_word' id='word_1_207' title='bbox 913 3756 1351 3855; x_wconf 88' lang='lat' dir='ltr'><strong>supellectili</strong></span> <span class='ocrx_word' id='word_1_208' title='bbox 1389 3755 1769 3831; x_wconf 82' lang='lat' dir='ltr'><strong>Ecclesiae</strong></span> <span class='ocrx_word' id='word_1_209' title='bbox 1822 3756 2032 3831; x_wconf 88' lang='lat' dir='ltr'><strong>istius</strong></span> <span class='ocrx_word' id='word_1_210' title='bbox 2088 3755 2587 3851; x_wconf 83' lang='lat' dir='ltr'><strong>Cathedralis,</strong></span> <span class='ocrx_word' id='word_1_211' title='bbox 2654 3760 2725 3833; x_wconf 91' lang='lat' dir='ltr'><strong>in</strong></span> <span class='ocrx_word' id='word_1_212' title='bbox 2781 3757 3048 3856; x_wconf 87' lang='lat' dir='ltr'><strong>lytrum</strong></span> <span class='ocrx_word' id='word_1_213' title='bbox 3105 3756 3362 3833; x_wconf 89' lang='lat' dir='ltr'><strong>Suecis</strong></span> <span class='ocrx_word' id='word_1_214' title='bbox 3416 3760 3821 3833; x_wconf 87' lang='lat' dir='ltr'><strong>exsolutum</strong></span> 
     </span>
     <span class='ocr_line' id='line_1_26' title="bbox 912 3878 3819 3976; baseline 0.001 -24"><span class='ocrx_word' id='word_1_215' title='bbox 912 3878 1410 3975; x_wconf 81' lang='lat' dir='ltr'><strong>oppignorata,</strong></span> <span class='ocrx_word' id='word_1_216' title='bbox 1484 3880 1786 3953; x_wconf 88' lang='lat' dir='ltr'><strong>notabili</strong></span> <span class='ocrx_word' id='word_1_217' title='bbox 1842 3880 2129 3976; x_wconf 89' lang='lat' dir='ltr'><strong>peculio</strong></span> <span class='ocrx_word' id='word_1_218' title='bbox 2184 3882 2779 3973; x_wconf 82' lang='lat' dir='ltr'><strong>concurrentium,</strong></span> <span class='ocrx_word' id='word_1_219' title='bbox 2837 3880 3242 3955; x_wconf 88' lang='lat' dir='ltr'><strong>Perillustri</strong></span> <span class='ocrx_word' id='word_1_220' title='bbox 3316 3888 3389 3953; x_wconf 91' lang='lat' dir='ltr'><strong>et</strong></span> <span class='ocrx_word' id='word_1_221' title='bbox 3450 3881 3819 3956; x_wconf 79' lang='lat' dir='ltr'><strong>Reveren-</strong></span> 
     </span>
     <span class='ocr_line' id='line_1_27' title="bbox 913 3999 3265 4099; baseline 0.001 -26"><span class='ocrx_word' id='word_1_222' title='bbox 913 3999 1214 4075; x_wconf 87' lang='lat' dir='ltr'><strong>dissimo</strong></span> <span class='ocrx_word' id='word_1_223' title='bbox 1277 4000 1582 4075; x_wconf 86' lang='lat' dir='ltr'><strong>Domino</strong></span> <span class='ocrx_word' id='word_1_224' title='bbox 1637 4000 2104 4075; x_wconf 87' lang='lat' dir='ltr'><strong>Procuratori</strong></span> <span class='ocrx_word' id='word_1_225' title='bbox 2158 4002 2683 4099; x_wconf 86' lang='lat' dir='ltr'><strong>comparandas</strong></span> <span class='ocrx_word' id='word_1_226' title='bbox 2738 4004 3265 4077; x_wconf 88' lang='lat' dir='ltr'><strong>commiserunt.</strong></span> 
     </span>
    </p>
   </div>
   <div class='ocr_carea' id='block_1_3' title="bbox 2264 4314 2490 4414">
    <p class='ocr_par' dir='ltr' id='par_1_4' title="bbox 2264 4314 2490 4414">
     <span class='ocr_line' id='line_1_28' title="bbox 2264 4314 2490 4414; baseline -0.004 0"><span class='ocrx_word' id='word_1_227' title='bbox 2264 4314 2490 4414; x_wconf 90' lang='lat' dir='ltr'><strong>CCL.</strong></span> 
     </span>
    </p>
   </div>
   <div class='ocr_carea' id='block_1_4' title="bbox 915 4454 3818 4621">
    <p class='ocr_par' dir='ltr' id='par_1_5' title="bbox 915 4454 3818 4621">
     <span class='ocr_line' id='line_1_29' title="bbox 915 4454 3818 4621; baseline 0.002 -22"><span class='ocrx_word' id='word_1_228' title='bbox 915 4518 1021 4600; x_wconf 82' lang='lat' dir='ltr'><strong>De</strong></span> <span class='ocrx_word' id='word_1_229' title='bbox 1077 4518 1439 4603; x_wconf 71' lang='lat' dir='ltr'><strong>iudicibus</strong></span> <span class='ocrx_word' id='word_1_230' title='bbox 1493 4454 1907 4604; x_wconf 67' lang='lat' dir='ltr'><strong>‘tribunalis</strong></span> <span class='ocrx_word' id='word_1_231' title='bbox 1963 4521 2210 4621; x_wconf 70' lang='lat' dir='ltr'><strong>nonni.</strong></span> <span class='ocrx_word' id='word_1_232' title='bbox 2268 4520 2475 4603; x_wconf 71' lang='lat' dir='ltr'><strong>Anno</strong></span> <span class='ocrx_word' id='word_1_233' title='bbox 2542 4520 2814 4604; x_wconf 81' lang='lat' dir='ltr'><strong>Domini</strong></span> <span class='ocrx_word' id='word_1_234' title='bbox 2871 4522 3049 4603; x_wconf 86' lang='grc'><strong>1712.</strong></span> <span class='ocrx_word' id='word_1_235' title='bbox 3120 4521 3251 4604; x_wconf 78' lang='lat' dir='ltr'><strong>Die</strong></span> <span class='ocrx_word' id='word_1_236' title='bbox 3308 4521 3393 4603; x_wconf 91' lang='grc'><strong>14</strong></span> <span class='ocrx_word' id='word_1_237' title='bbox 3446 4523 3818 4607; x_wconf 79' lang='lat' dir='ltr'><strong>octobris.</strong></span> 
     </span>
    </p>
   </div>
   <div class='ocr_carea' id='block_1_5' title="bbox 911 4728 3819 5443">
    <p class='ocr_par' dir='ltr' id='par_1_6' title="bbox 911 4728 3819 5443">
     <span class='ocr_line' id='line_1_30' title="bbox 1123 4728 3818 4829; baseline 0.001 -25"><span class='ocrx_word' id='word_1_238' title='bbox 1123 4728 1474 4819; x_wconf 79' lang='lat' dir='ltr'><strong>Quamvis</strong></span> <span class='ocrx_word' id='word_1_239' title='bbox 1527 4730 1600 4804; x_wconf 90' lang='lat' dir='ltr'><strong>in</strong></span> <span class='ocrx_word' id='word_1_240' title='bbox 1650 4730 2302 4806; x_wconf 70' lang='lat' dir='ltr'><strong>constitutionibus</strong></span> <span class='ocrx_word' id='word_1_241' title='bbox 2357 4731 2835 4829; x_wconf 83' lang='lat' dir='ltr'><strong>synodalibus</strong></span> <span class='ocrx_word' id='word_1_242' title='bbox 2888 4732 3373 4808; x_wconf 88' lang='lat' dir='ltr'><strong>Illustrissimi</strong></span> <span class='ocrx_word' id='word_1_243' title='bbox 3424 4730 3818 4809; x_wconf 79' lang='lat' dir='ltr'><strong>Gembicki</strong></span> 
     </span>
     <span class='ocr_line' id='line_1_31' title="bbox 913 4851 3819 4950; baseline 0.001 -23"><span class='ocrx_word' id='word_1_244' title='bbox 913 4853 1371 4927; x_wconf 85' lang='lat' dir='ltr'><strong>constitutum</strong></span> <span class='ocrx_word' id='word_1_245' title='bbox 1445 4851 1576 4945; x_wconf 89' lang='lat' dir='ltr'><strong>sit,</strong></span> <span class='ocrx_word' id='word_1_246' title='bbox 1650 4860 1728 4925; x_wconf 94' lang='lat' dir='ltr'><strong>ut</strong></span> <span class='ocrx_word' id='word_1_247' title='bbox 1793 4852 2139 4949; x_wconf 86' lang='lat' dir='ltr'><strong>Deputati</strong></span> <span class='ocrx_word' id='word_1_248' title='bbox 2212 4874 2464 4927; x_wconf 88' lang='lat' dir='ltr'><strong>omnes</strong></span> <span class='ocrx_word' id='word_1_249' title='bbox 2525 4854 2615 4926; x_wconf 89' lang='lat' dir='ltr'><strong>ad</strong></span> <span class='ocrx_word' id='word_1_250' title='bbox 2674 4852 2947 4928; x_wconf 87' lang='lat' dir='ltr'><strong>Iudicia</strong></span> <span class='ocrx_word' id='word_1_251' title='bbox 3020 4854 3507 4930; x_wconf 85' lang='lat' dir='ltr'><strong>Tribunalitia</strong></span> <span class='ocrx_word' id='word_1_252' title='bbox 3574 4855 3819 4950; x_wconf 88' lang='lat' dir='ltr'><strong>Regni</strong></span> 
     </span>
     <span class='ocr_line' id='line_1_32' title="bbox 912 4973 3814 5075; baseline 0.001 -26"><span class='ocrx_word' id='word_1_253' title='bbox 912 4975 1006 5049; x_wconf 85' lang='lat' dir='ltr'><strong>ab</strong></span> <span class='ocrx_word' id='word_1_254' title='bbox 1059 4974 1430 5071; x_wconf 85' lang='lat' dir='ltr'><strong>Episcopo</strong></span> <span class='ocrx_word' id='word_1_255' title='bbox 1482 4973 1726 5048; x_wconf 89' lang='lat' dir='ltr'><strong>idonei</strong></span> <span class='ocrx_word' id='word_1_256' title='bbox 1778 4973 2129 5071; x_wconf 86' lang='lat' dir='ltr'><strong>propositi</strong></span> <span class='ocrx_word' id='word_1_257' title='bbox 2182 4984 2256 5048; x_wconf 89' lang='lat' dir='ltr'><strong>et</strong></span> <span class='ocrx_word' id='word_1_258' title='bbox 2309 4998 2353 5048; x_wconf 88' lang='lat' dir='ltr'><strong>a</strong></span> <span class='ocrx_word' id='word_1_259' title='bbox 2392 4974 2759 5073; x_wconf 81' lang='lat' dir='ltr'><strong>Capitulo‘</strong></span> <span class='ocrx_word' id='word_1_260' title='bbox 2788 4976 3021 5069; x_wconf 86' lang='lat' dir='ltr'><strong>electi,</strong></span> <span class='ocrx_word' id='word_1_261' title='bbox 3078 4977 3314 5051; x_wconf 90' lang='lat' dir='ltr'><strong>iurent</strong></span> <span class='ocrx_word' id='word_1_262' title='bbox 3346 4978 3421 5051; x_wconf 94' lang='lat' dir='ltr'><strong>in</strong></span> <span class='ocrx_word' id='word_1_263' title='bbox 3460 4977 3814 5075; x_wconf 85' lang='lat' dir='ltr'><strong>Capitulo‚</strong></span> 
     </span>
     <span class='ocr_line' id='line_1_33' title="bbox 913 5086 3817 5194; baseline 0 -23"><span class='ocrx_word' id='word_1_264' title='bbox 913 5086 998 5171; x_wconf 89' lang='lat' dir='ltr'><strong>se</strong></span> <span class='ocrx_word' id='word_1_265' title='bbox 1047 5089 1323 5191; x_wconf 89' lang='lat' dir='ltr'><strong>absque</strong></span> <span class='ocrx_word' id='word_1_266' title='bbox 1375 5095 1599 5189; x_wconf 87' lang='lat' dir='ltr'><strong>legali</strong></span> <span class='ocrx_word' id='word_1_267' title='bbox 1649 5096 2159 5191; x_wconf 83' lang='lat' dir='ltr'><strong>impedimento</strong></span> <span class='ocrx_word' id='word_1_268' title='bbox 2232 5120 2471 5169; x_wconf 93' lang='lat' dir='ltr'><strong>coram</strong></span> <span class='ocrx_word' id='word_1_269' title='bbox 2522 5096 2879 5194; x_wconf 82' lang='lat' dir='ltr'><strong>Capitulis</strong></span> <span class='ocrx_word' id='word_1_270' title='bbox 2934 5097 3395 5191; x_wconf 86' lang='lat' dir='ltr'><strong>verificando,</strong></span> <span class='ocrx_word' id='word_1_271' title='bbox 3466 5120 3608 5173; x_wconf 89' lang='lat' dir='ltr'><strong>non</strong></span> <span class='ocrx_word' id='word_1_272' title='bbox 3664 5096 3817 5172; x_wconf 86' lang='lat' dir='ltr'><strong>dis-</strong></span> 
     </span>
     <span class='ocr_line' id='line_1_34' title="bbox 912 5216 3817 5311; baseline -0 -17"><span class='ocrx_word' id='word_1_273' title='bbox 912 5240 1250 5294; x_wconf 88' lang='lat' dir='ltr'><strong>cessuros</strong></span> <span class='ocrx_word' id='word_1_274' title='bbox 1324 5226 1490 5291; x_wconf 90' lang='lat' dir='ltr'><strong>ante</strong></span> <span class='ocrx_word' id='word_1_275' title='bbox 1541 5218 1757 5291; x_wconf 91' lang='lat' dir='ltr'><strong>finem</strong></span> <span class='ocrx_word' id='word_1_276' title='bbox 1830 5216 2305 5311; x_wconf 87' lang='lat' dir='ltr'><strong>Iudiciorum,</strong></span> <span class='ocrx_word' id='word_1_277' title='bbox 2380 5218 2520 5293; x_wconf 87' lang='lat' dir='ltr'><strong>nisi</strong></span> <span class='ocrx_word' id='word_1_278' title='bbox 2594 5220 2848 5294; x_wconf 88' lang='lat' dir='ltr'><strong>relicto</strong></span> <span class='ocrx_word' id='word_1_279' title='bbox 2922 5220 3307 5295; x_wconf 87' lang='lat' dir='ltr'><strong>sufficienti</strong></span> <span class='ocrx_word' id='word_1_280' title='bbox 3372 5242 3669 5295; x_wconf 89' lang='lat' dir='ltr'><strong>numero</strong></span> <span class='ocrx_word' id='word_1_281' title='bbox 3721 5219 3817 5293; x_wconf 88' lang='lat' dir='ltr'><strong>ad</strong></span> 
     </span>
     <span class='ocr_line' id='line_1_35' title="bbox 911 5337 3817 5443; baseline 0.001 -28"><span class='ocrx_word' id='word_1_282' title='bbox 911 5339 1263 5416; x_wconf 87' lang='lat' dir='ltr'><strong>Iudicium</strong></span> <span class='ocrx_word' id='word_1_283' title='bbox 1347 5340 1860 5436; x_wconf 89' lang='lat' dir='ltr'><strong>compositum,</strong></span> <span class='ocrx_word' id='word_1_284' title='bbox 1935 5340 2305 5415; x_wconf 86' lang='lat' dir='ltr'><strong>celebrata</strong></span> <span class='ocrx_word' id='word_1_285' title='bbox 2378 5337 2676 5440; x_wconf 85' lang='lat' dir='ltr'><strong>Synodo</strong></span> <span class='ocrx_word' id='word_1_286' title='bbox 2746 5340 3219 5438; x_wconf 86' lang='lat' dir='ltr'><strong>dioecesana,</strong></span> <span class='ocrx_word' id='word_1_287' title='bbox 3290 5350 3817 5443; x_wconf 87' lang='lat' dir='ltr'><strong>reassumptum</strong></span> 
     </span>
    </p>
   </div>
  </div>
 </body>
</html>
