4055 6364
2070 766 2639 845 —146-

913 982 1224 1056 Domino
1276 981 1585 1056 facultas
1639 979 2093 1069 conceditur,
2161 977 2524 1073 quidpiam
2583 974 3080 1050 difficultatum
3137 984 3256 1049 aut
3318 975 3814 1049 molestiarum

913 1106 1191 1181 ratione
1228 1105 1340 1179 sui
1370 1125 1769 1177 consensus
1804 1101 1875 1174 in
1914 1097 2324 1173 huiusmodi
2361 1094 2864 1171 Scultetiarum
2901 1096 3358 1171 donationem
3393 1098 3534 1169 hoc
3572 1096 3813 1171 Vene-
3875 1152 3880 1159 .

912 1228 1143 1302 rabile
1196 1226 1545 1319 habuerit,
1605 1220 2015 1297 Reverendi
2069 1218 2365 1293 Domini
2420 1216 2877 1316 Capitulares
2941 1227 3181 1292 tamen
3235 1218 3446 1292 veriti
3495 1218 3567 1291 in
3623 1227 3826 1292 tanta

914 1347 1334 1446 praesertim
1387 1346 1766 1442 iniquitate
1804 1352 1877 1417 et
1914 1342 2390 1441 perversitate
2445 1341 2811 1438 temporis,
2870 1364 2960 1414 ne
2997 1338 3386 1437 aliquando
3441 1341 3516 1413 in
3567 1352 3806 1437 poste-

916 1494 1073 1545 rum
1126 1468 1510 1545 occasione
1564 1467 1815 1544 harum
1873 1464 2334 1540 donationum
2391 1468 2464 1536 et
2516 1463 3044 1559 exemptionum
3101 1486 3230 1559 per
3263 1460 3819 1537 Reverendissi-

914 1615 1104 1667 mum
1160 1590 1543 1665 Dominum
1602 1612 1761 1663 cum
1818 1610 1951 1662 suo
2005 1606 2368 1660 consensu
2422 1582 2579 1657 dari
2633 1584 3044 1675 solitarum,
3103 1582 3376 1678 aliquid
3433 1584 3820 1659 difficulta-

915 1720 1063 1789 tum
1101 1712 1491 1804 oboriatur,
1538 1716 1949 1785 statuerunt
1999 1707 2190 1782 votis
2237 1705 2738 1799 concordibus,
2793 1705 2866 1779 in
2915 1704 3324 1780 huiusmodi
3376 1704 3819 1781 Advocatia-

918 1859 1077 1910 rum
1129 1858 1259 1909 seu
1314 1830 1817 1909 Scultetiarum
1874 1828 2384 1905 donationibus
2436 1836 2511 1902 et
2555 1826 3132 1925 exemptionibus
3184 1835 3531 1925 perpetuo
3571 1829 3820 1903 obser-

918 1955 1272 2031 vandum:
1348 1962 1427 2028 ut
1496 1954 1739 2055 nullae
1808 1954 1883 2026 in
1956 1959 2322 2049 posterum
2395 1950 2646 2023 literae
2719 1972 2938 2046 super
3017 1949 3201 2023 bona
3259 1947 3824 2025 Advocatiarum

919 2078 1223 2153 Mensae
1262 2076 1661 2175 spiritualis
1695 2097 1828 2173 per
1863 2071 2573 2149 Reverendissimum
2619 2071 3009 2145 Dominum
3049 2070 3360 2166 cuipiam
3397 2093 3823 2164 concessae,

915 2198 1009 2275 ad
1050 2197 1515 2293 sigillandum
1550 2198 1623 2273 in
1664 2195 2025 2293 Capitulis
2059 2194 2527 2291 generalibus
2579 2193 3062 2284 admittantur,
3119 2174 3244 2265 aut
3292 2192 3661 2285 sigillatae
3697 2215 3823 2265 ex-

915 2321 1307 2412 tradantur,
1364 2319 1507 2393 nisi
1562 2319 1763 2416 prius
1817 2317 2296 2416 exemptionis
2351 2323 2475 2391 aut
2528 2316 2884 2391 cessionis
2938 2314 3028 2389 de
3079 2315 3236 2389 iure
3283 2337 3415 2389 suo
3450 2314 3526 2387 in
3561 2313 3824 2389 iisdem

914 2442 1129 2518 bonis
1182 2440 1454 2542 habito,
1508 2464 1641 2537 per
1676 2439 1875 2515 illam
1922 2446 2222 2536 partem,
2280 2460 2464 2534 quae
2519 2438 2872 2531 eximitur,
2929 2437 3022 2511 ad
3077 2435 3264 2509 Acta
3317 2433 3828 2533 Capitanealia

917 2563 1340 2639 Castrensis
1392 2569 1763 2660 perpetua,
1823 2562 2247 2659 praesertim
2300 2582 2475 2635 vero
2512 2558 2912 2634 Cracoviae
2963 2559 3222 2651 factae,
3289 2558 3621 2654 quittatio
3674 2556 3822 2631 Ve-

915 2684 1222 2761 nerabili
1275 2682 1612 2781 Capitulo
1668 2682 2073 2757 authentice
2126 2682 2343 2755 fuerit
2395 2690 2900 2779 praesentata3
2963 2703 3096 2754 nec
3150 2702 3292 2752 non
3345 2678 3560 2753 etiam
3617 2702 3822 2753 reco-

915 2808 1146 2903 gnitio
1201 2806 1397 2882 illius
1449 2806 1717 2903 partis,
1786 2805 1903 2878 cui
1954 2803 2125 2877 talis
2179 2804 2528 2877 bonorum
2582 2803 2886 2878 alicuius
2939 2799 3388 2875 Advocatiae
3442 2798 3525 2874 fit
3579 2802 3826 2875 cessio

917 2938 992 3004 et
1042 2927 1421 3022 Privilegii
1472 2948 1691 3023 super
1743 2926 1993 2999 eadem
2052 2927 2243 2999 bona
2297 2948 2424 3021 per
2477 2922 3184 2999 Reverendissimum
3252 2922 3640 2995 Dominum
3695 2922 3826 2995 do·

918 3052 1148 3145 natio,
1201 3050 1297 3124 ad
1354 3047 1603 3123 eadem
1660 3048 1848 3121 Acta
1902 3046 2324 3120 Castrensia
2377 3047 2572 3119 facta
2623 3046 3031 3121 authentice
3082 3044 3298 3119 fuerit
3357 3064 3645 3139 quoque
3700 3066 3826 3116 ex·

917 3172 1165 3268 hibita,
1222 3170 1413 3268 quod
1466 3169 1808 3246 videlicet
1860 3168 2336 3244 Advocatiam
2393 3168 2536 3243 sibi
2583 3191 3028 3260 concessam,
3085 3189 3226 3240 non
3264 3165 3409 3239 alio
3446 3165 3625 3257 iure,
3683 3165 3828 3238 nisi

918 3317 1010 3368 ex
1062 3293 1446 3370 donatione
1500 3292 2118 3368 Reverendissimi
2171 3291 2467 3366 Domini
2519 3289 2868 3387 Episcopi
2925 3286 3434 3362 Cracoviensis
3489 3310 3579 3360 ac
3624 3285 3828 3360 illius

918 3415 1383 3492 Venerabilis
1436 3414 1755 3514 Capituli
1808 3415 2130 3488 obtineat
2183 3420 2256 3487 et
2308 3412 2701 3511 possideat.

2168 3723 2556 3826 CLXIII.

922 3939 1027 4021 De
1062 3939 1379 4040 quinque
1419 3936 1679 4021 Missis
1718 3935 2272 4036 septimanatim
2313 3932 2818 4016 absolvendis.
2864 3931 3074 4014 Anno
3112 3931 3293 4014 1591.
3345 3931 3472 4012 Die
3513 3931 3594 4012 to
3631 3931 3821 4012 maii.

1128 4145 1313 4223 Cum
1350 4155 1602 4222 exorta
1646 4154 1841 4221 esset
1876 4146 2062 4220 inter
2097 4143 2570 4218 Reverendos
2622 4143 2978 4218 Dominos
3013 4143 3364 4240 quaestio,
3430 4167 3528 4216 an
3565 4142 3830 4216 Marca

920 4293 965 4343 a
1018 4269 1331 4366 quinque
1403 4269 1656 4345 Missis
1730 4268 1985 4364 cuique
2057 4266 2640 4341 Reverendorum
2713 4265 3188 4340 Dominorum
3257 4265 3328 4337 in
3404 4274 3614 4338 turno
3690 4285 3828 4338 suo

922 4390 1285 4466 ordinario
1322 4390 1654 4488 expletis,
1712 4389 1901 4463 solvi
1948 4389 2185 4481 solita,
2243 4387 2316 4459 in
2355 4387 2664 4482 negotiis
2718 4386 3099 4461 Ecclesiae
3153 4385 3447 4460 Domini
3501 4384 3707 4458 missi
3751 4393 3829 4457 et

922 4511 1281 4613 occupati,
1338 4535 1467 4608 per
1521 4511 1831 4608 aliquem
1887 4519 2125 4584 tamen
2164 4533 2256 4582 ex
2291 4507 2794 4586 Confi-atribus
2839 4507 3131 4586 easdem
3186 4506 3459 4584 Missas
3511 4506 3828 4602 quinque

922 4633 1351 4732 explentem,
1404 4631 1727 4728 gaudere
1782 4631 2090 4705 debeant
2143 4655 2276 4704 nec
2330 4628 2476 4706 ne?
2529 4629 2816 4704 tandem
2868 4629 3271 4727 praemissa
3343 4634 3588 4703 mutua
3637 4627 3832 4702 inter

922 4777 1005 4828 se
1058 4753 1598 4847 deliberatione,
1656 4760 2056 4827 statuerunt
2110 4753 2474 4849 praesenti
2523 4752 2840 4826 Decreto
2894 4751 3254 4826 mediante
3309 4756 3656 4848 perpetuo
3695 4752 3824 4824 ob-

922 4875 1389 4954 servandum:
1444 4882 1525 4948 ut
1576 4897 1827 4950 omnes
1866 4881 1937 4949 et
1974 4873 2244 4968 singuli
2293 4875 2764 4950 Dominorum
2818 4874 2895 4948 in
2934 4874 3244 4968 negotiis
3295 4871 3678 4948 Ecclesiae
3733 4895 3829 4945 ex

920 4998 1085 5074 loco
1137 4997 1543 5095 praesentis
1596 4996 2032 5072 residentiae
2085 4996 2326 5094 aliquo
2383 4997 2604 5089 missi,
2661 4995 3126 5072 nihilominus
3162 5002 3400 5070 tamen
3449 5015 3583 5091 per
3616 5017 3828 5070 suum

922 5144 1015 5199 cx
1050 5119 1193 5196 hoc
1244 5118 1579 5213 Collegio
1632 5117 2222 5213 Procuratorem,
2297 5126 2418 5194 aut
2471 5117 2878 5214 quempiam
2932 5117 3152 5192 alium
3203 5116 3535 5194 Fratrem
3590 5116 3830 5192 dictas

922 5243 1236 5339 quinque
1289 5239 1565 5316 Missas
1611 5239 1685 5314 in
1730 5247 1939 5314 turno
1994 5240 2358 5314 ordinario
2411 5240 2810 5337 explentes,
2869 5241 2932 5314 si
2969 5238 3254 5334 quidem
3313 5258 3445 5335 pro
3479 5259 3824 5335 praesen-

921 5366 1115 5442 tibus
1167 5363 1543 5457 habentur,
1599 5363 2251 5459 aequissimumque
2307 5361 2608 5454 videtur,
2664 5369 2742 5436 ut
2793 5383 3046 5435 omnes
3099 5359 3573 5434 obventiones
3627 5357 3826 5456 capi-
