4055 6364
2047 739 2143 753 -
2261 692 2616 771 140-

876 903 1089 979 simul
1145 902 1513 977 efficacius
1582 911 1977 979 moneatur.
2071 902 2227 979 Ubi
2280 911 2514 979 antem
2571 906 2784 979 ambo
2840 927 2980 978 non
3035 904 3475 999 profecerint
3496 963 3514 1000 ,
3587 906 3786 979 facta

873 1025 1140 1101 ibidem
1197 1028 1715 1123 protestatione
1768 1035 1841 1101 et
1894 1026 2484 1115 comminatione,
2555 1026 2760 1113 illum
2791 1026 3142 1101 -Fratrem
3200 1027 3546 1103 rebellem
3621 1050 3784 1102 cum

875 1149 1004 1223 illa
1057 1155 1207 1224 tota
1262 1172 1484 1224 causa
1539 1149 1903 1224 deferrent
1952 1148 2046 1223 ad
2101 1146 2512 1247 Capitulum
2575 1149 2918 1245 generale
2971 1150 3394 1247 proximum.
3479 1146 3786 1224 Senten-

872 1274 975 1349 tia
1026 1280 1264 1348 autem
1337 1270 1653 1369 Capituli
1729 1272 1897 1346 talis
1966 1271 2393 1347 inobediens
2457 1272 2576 1345 vel
2629 1272 2929 1345 rebellis
3001 1272 3256 1370 poenis
3311 1268 3784 1365 Statutorum,

876 1392 1417 1471 consuetudinis
1466 1393 1584 1467 vel
1624 1394 1835 1467 etiam
1874 1394 2360 1486 arbitralibus,
2418 1391 2509 1467 ad
2547 1394 2859 1469 officium
2899 1401 2970 1467 et
3006 1394 3575 1469 emendationem
3631 1391 3788 1467 adi-

877 1526 1111 1614 gatur.
1198 1514 1409 1607 Quod
1467 1516 1679 1589 etiam
1733 1514 1891 1589 fieri
1947 1514 2196 1612 debet,
2267 1517 2331 1590 si
2385 1515 2625 1611 aliqua
2677 1516 2937 1590 iniuria
3010 1518 3330 1591 affecerit
3381 1516 3791 1591 Monitores

874 1641 1078 1739 ipsos
1134 1638 1378 1714 officio
1414 1660 1547 1713 suo
1584 1638 2125 1734 perfungentes,
2183 1638 2306 1735 qui
2341 1661 2477 1713 nec
2511 1638 2654 1736 ipsi
2692 1639 3165 1736 excipiuntur,
3223 1638 3392 1735 quin
3440 1638 3566 1714 ubi
3602 1659 3791 1735 opus

880 1764 1012 1856 sit,
1070 1763 1255 1836 alter
1306 1761 1399 1835 ab
1454 1759 1682 1834 altero
1755 1760 2007 1833 ordine
2081 1760 2575 1859 suprascripto
2647 1762 3070 1857 corrigatur.
3164 1760 3282 1834 Ad
3335 1760 3477 1835 hoc
3540 1761 3792 1857 itaque

877 1885 1236 1958 fraternae
1292 1880 1761 1957 correctionis
1814 1881 2128 1957 officium
2181 1884 2256 1959 in
2311 1906 2571 1957 annum
2626 1891 3082 1980 praesentem
3134 1884 3224 1958 de
3259 1883 3580 1959 unanimi
3615 1906 3792 1957 con-

880 2030 1137 2100 sensu,
1210 2005 1345 2081 hos
1400 2003 1582 2081 duos
1635 2004 2112 2079 Reverendos
2165 2005 2520 2080 Dominos
2573 2001 3010 2081 Stanislaum
3071 2004 3472 2082 Krasinski
3521 2004 3792 2079 Archi-

880 2130 1259 2204 diaconum
1315 2136 1386 2202 et
1438 2127 1973 2225 Hieronymum
2030 2126 2546 2203 Powodowski
2599 2126 3083 2221 Canonicnm,
3140 2126 3469 2223 quamvis
3523 2150 3604 2201 se
3661 2150 3790 2200 ex-

882 2261 1259 2347 cusantes,
1331 2250 1744 2326 Reverendi
1796 2249 2095 2325 Domini
2147 2248 2608 2349 Capitulares
2659 2252 3034 2346 elegerunt
3088 2258 3159 2326 et
3209 2251 3794 2326 nominaverunt.

2170 2562 2469 2663 CLIV.

885 2773 1104 2855 Ratio
1159 2770 1257 2853 de
1314 2771 1956 2854 distributionibus
2012 2772 2468 2872 quotidianis
2523 2773 2855 2874 quaiihet
2910 2773 3339 2873 septimana
3401 2770 3790 2855 facienda.

1714 2894 1920 2976 Anno
1979 2893 2193 2976 1590.
2254 2895 2382 2977 Die
2438 2896 2489 2977 6
2546 2895 2948 2978 Februarii.

1094 3105 1483 3178 Decretum
1520 3103 1609 3179 de
1632 3104 1910 3179 ratione
1941 3102 2613 3202 Viceprocuratoris
2649 3130 2742 3181 ex
2769 3104 3394 3181 distributionibus
3427 3104 3792 3202 quotidia-

883 3230 999 3302 nis
1038 3235 1109 3302 et
1134 3228 1443 3324 panibus
1473 3237 1617 3302 tam
1649 3229 2118 3323 siliginaceis,
2160 3253 2371 3325 quam
2401 3229 2724 3322 triticeis,
2763 3229 2837 3303 in
2867 3228 3279 3326 praesentia
3315 3228 3785 3303 Reverendo-

884 3373 1040 3424 rum
1098 3350 1577 3425 Dominorum
1630 3351 1704 3424 in
1746 3373 2098 3426 consessu
2154 3351 2538 3425 cuiuslibet
2592 3350 3052 3448 particularis
3108 3348 3426 3447 Capituli
3480 3351 3798 3447 singulis

889 3473 1313 3570 septimanis
1367 3494 1499 3568 per
1544 3496 1758 3548 uuum
1798 3497 1890 3547 ex
1922 3474 2262 3547 Dominis
2318 3471 2862 3571 Capitularibus
2915 3497 3047 3571 per
3101 3474 3376 3546 senium
3430 3472 3795 3567 facienda,

887 3595 1102 3669 Anno
1154 3595 1451 3668 Domini
1512 3593 1708 3670 1558
1734 3651 1750 3684 ,
1827 3595 1945 3668 die
2007 3591 2102 3669 10
2160 3596 2429 3669 mensis
2482 3594 2660 3669 Maii
2713 3596 2785 3669 in
2843 3592 3180 3692 Capitulo
3241 3594 3567 3688 generali
3620 3618 3797 3693 pro-

885 3717 1309 3812 mulgatum,
1364 3716 1777 3793 Reverendi
1829 3717 2128 3792 Domini
2179 3717 2253 3790 in
2306 3717 2446 3791 hoc
2501 3715 2837 3814 Capitulo
2893 3717 3315 3812 cougregati
3367 3718 3438 3791 in
3491 3741 3625 3792 suo
3677 3741 3802 3792 ro-

888 3841 1063 3915 bore
1102 3840 1673 3928 conservaudum
1721 3839 2075 3931 dixerunt,
2131 3847 2347 3937 prout
2400 3847 2834 3914 conservant
2887 3840 3202 3913 Decreto
3244 3838 3608 3936 praesenti
3645 3863 3802 3914 me-

890 3961 1154 4054 diante,
1210 3960 1349 4035 hoc
1387 3962 1835 4036 solummodo
1886 3963 2296 4036 immutato:
2354 3969 2432 4035 ut
2467 3962 2902 4036 contentatio
2955 3960 3085 4034 illa
3139 3968 3442 4056 quatuor
3492 3983 3802 4054 grosso·

888 4108 1044 4158 rum
1097 4082 1364 4158 ibidem
1421 4083 1787 4181 adscripta
1838 4108 1885 4157 a
1939 4083 2220 4158 calculo
2276 4084 2730 4181 proveniens,
2793 4107 2953 4159 cum
3011 4107 3101 4157 cx
3155 4105 3385 4179 aequo
3441 4106 3806 4179 quemque

888 4205 1477 4281 Reverendorum
1532 4206 2005 4281 Dominorum
2059 4204 2132 4278 in
2186 4206 2350 4280 loco
2409 4227 2538 4281 suo
2592 4204 2732 4280 hoc
2787 4203 3132 4301 quidquid
3188 4213 3300 4280 est
3343 4205 3585 4280 oneris
3639 4211 3806 4278 tan·

890 4335 1039 4422 gat,
1095 4329 1383 4425 penitus
1436 4329 1831 4424 aboleatur,
1887 4336 2104 4427 prout
2137 4327 2430 4403 abolent
2477 4335 2548 4404 et
2585 4336 2877 4403 cassant
2909 4328 2986 4401 in
3020 4327 3387 4425 praesenti
3444 4349 3808 4403 consessu

892 4450 1259 4544 generalis
1312 4448 1652 4550 Capituli.

2224 4639 2476 4741 CLV.

898 4845 1159 4930 Modus
1215 4848 1762 4931 consolationis
1821 4849 1887 4931 in
1935 4847 2268 4950 uenerati
2324 4847 2656 4951 capitulo
2715 4847 3308 4946 distribuendae,
3365 4848 3567 4929 ultra
3603 4849 3814 4949 quin-

900 4970 1256 5071 quaqinta
1329 4968 1679 5066 florenos,
1738 4971 2194 5073 polonicaies
2267 4970 2616 5053 monetae
2685 4970 3066 5052 currentis
3139 4990 3277 5053 non
3346 4969 3812 5053 excedendo.

1106 5180 1517 5257 Revereudi
1584 5181 1877 5256 Domini
1940 5178 2398 5278 Capitulares
2457 5181 2648 5256 inter
2700 5188 3029 5256 caeteras
3093 5181 3394 5257 Mensae
3447 5203 3624 5256 snae
3679 5205 3805 5256 ca-

902 5304 1234 5403 pitularis
1286 5305 1655 5404 impensas
1709 5328 1796 5379 ac
1852 5303 2272 5379 distributas
2328 5305 2732 5381 ordinarias
2784 5303 2933 5400 illi,
2995 5325 3179 5400 quae
3231 5305 3306 5378 in
3361 5303 3806 5379 consolatio-
