4055 6364
2105 779 2678 857 -144—

930 991 1005 1065 in
1060 991 1425 1089 emptione
1462 989 1877 1065 huiusmodi
1918 1012 2256 1065 censuum
2303 991 2921 1087 rccmptionalium
2957 990 3116 1065 fieri
3153 992 3408 1067 solitas
3443 992 3636 1090 apud
3676 988 3845 1088 pe'r-

933 1136 1151 1187 sonas
1207 1135 1451 1209 parum
1508 1121 1728 1205 tutas,
1785 1135 1919 1186 nec
1974 1112 2261 1201 omnino
2319 1111 2582 1187 munda
2627 1120 2700 1185 et
2733 1112 2966 1187 libera
3023 1114 3212 1187 bona
3263 1100 3642 1205 habentes,
3699 1111 3842 1185 ali·

933 1242 1107 1330 quot
1156 1234 1567 1309 huiusmodi
1620 1256 1882 1309 census
1935 1234 2494 1331 reemptionales
2548 1258 2677 1331 per
2733 1233 3174 1310 Venerabile
3229 1233 3642 1333 Capitulum
3691 1235 3842 1309 iam

934 1379 1097 1433 esse
1153 1365 1471 1455 emptos3
1542 1356 1814 1431 idcirco
1867 1379 1959 1429 ne
2013 1356 2248 1431 simile
2314 1355 2678 1454 quidpiam
2732 1357 2804 1430 in
2862 1364 3268 1453 posterum,
3336 1357 3530 1453 quod
3581 1357 3658 1431 in
3711 1355 3840 1430 de·

935 1478 1371 1571 trimentum,
1429 1479 1572 1553 imo
1611 1478 1851 1575 potius
1907 1478 2240 1551 damnum
2295 1501 2470 1553 suae
2525 1478 2945 1575 capitularis
2997 1477 3296 1553 Mensae
3351 1487 3706 1573 vergeret,
3761 1479 3840 1551 in

928 1600 1022 1674 iis
1076 1599 1398 1674 emendis
1454 1602 1758 1692 eveniat,
1816 1598 2230 1673 Reverendi
2281 1599 2579 1674 Domini
2632 1597 3089 1696 Capitulares
3142 1601 3572 1698 tempestive
3623 1624 3837 1699 prae·

932 1729 1272 1796 caventes
1326 1727 1399 1795 et
1448 1722 1714 1797 talibus
1768 1720 2356 1815 cointelligentiis
2411 1744 2540 1795 seu
2594 1721 2898 1818 privatis
2958 1723 3301 1819 practicis
3356 1723 3655 1797 obviare
3704 1746 3837 1797 vo-

929 1844 1184 1937 lentes,
1240 1850 1643 1918 statuerunt
1678 1851 1749 1915 et
1785 1842 2262 1916 decreverunt
2314 1849 2660 1939 perpetuo
2715 1842 3060 1941 deinceps
3115 1868 3403 1942 semper
3439 1846 3836 1920 observan-

930 1964 1137 2039 dum:
1194 1972 1270 2040 ut
1322 1987 1462 2038 non
1520 1964 1661 2039 nisi
1714 1964 2024 2039 omnium
2081 1972 2154 2038 et
2207 1964 2650 2058 singulorum
2715 1964 3304 2041 Reverendorum
3356 1968 3837 2042 Dominorum

929 2092 1097 2160 tunc
1149 2086 1223 2160 in
1279 2084 1616 2183 Capitulo
1669 2086 2150 2183 praesentium
2209 2084 2601 2161 accedente
2664 2110 3053 2181 consensu,
3110 2111 3372 2163 census
3424 2088 3840 2164 huiusmodi

926 2208 1467 2306 reemptionalis
1520 2205 1715 2306 apud
1770 2207 2069 2304 quasvis
2131 2230 2483 2305 personas
2537 2216 2610 2282 et
2658 2208 2735 2282 in
2789 2209 3167 2305 quibusvis
3219 2210 3430 2285 bonis
3485 2208 3837 2308 deinceps

929 2340 1225 2425 ematur,
1298 2331 1653 2427 uniusque
1708 2330 1991 2405 Fratris
2047 2328 2136 2404 de
2189 2330 2468 2423 gremio
2542 2328 2864 2427 Capituli
2933 2332 3398 2428 protestantis
3472 2332 3834 2421 contradi·

932 2454 1169 2529 ctione
1221 2452 1778 2545 interveniente,
1834 2452 1926 2526 ad
1986 2452 2416 2548 emptionem
2472 2475 2734 2528 census
2789 2452 3142 2528 eiusmodi
3193 2453 3639 2529 Venerabile
3691 2452 3832 2527 Ca-

929 2577 1228 2674 pitulum
1300 2572 1697 2671 procedere
1770 2574 1967 2680 nullo
2038 2572 2252 2649 modo
2309 2575 2609 2671 poterit3
2687 2574 2878 2671 qnod
2931 2576 2997 2650 si
3049 2599 3191 2651 non
3248 2577 3586 2651 obstante
3641 2576 3835 2651 dicta

927 2697 1493 2773 contradictione
1528 2696 1618 2769 ad
1658 2696 2087 2793 emptionem
2147 2696 2324 2769 dicti
2358 2719 2621 2771 census
2657 2699 3115 2793 processerit,
3172 2698 3474 2773 liberum
3515 2699 3613 2773 sit
3649 2698 3833 2772 Fra-

924 2821 1017 2895 tri
1070 2818 1587 2894 contradicenti
1642 2840 1728 2892 eo
1782 2818 2069 2893 nominc
2124 2816 2562 2892 Venerabile
2618 2816 3026 2916 Capitulum
3063 2820 3140 2894 in
3175 2820 3336 2895 foro
3389 2821 3834 2919 competenti

923 2964 1079 3016 lure
1133 2964 1542 3016 convenire.

2241 3165 2496 3267 CLX.
2603 3146 2610 3152 ⁸

927 3380 997 3460 ln
1054 3380 1374 3480 neuotiis
1432 3378 1824 3460 Ecclesiae
1890 3374 2293 3576 deputati'sz
2341 3377 2785 3578 'gaffflffia
2840 3375 3086 3459 datur.
3154 3377 3360 3461 Anno
3422 3378 3636 3462 1590.
3699 3381 3826 3462 Die

2422 3517 2540 3578 an.

1137 3710 1387 3787 Veteri
1427 3708 1926 3785 consuetudini
1980 3704 2282 3782 Statutis
2334 3708 2658 3783 firmatae
2691 3709 3150 3786 inhaerentes
3202 3713 3614 3789 Reverendi
3667 3717 3823 3790 Do-

922 3835 1095 3908 mini
1147 3834 1221 3907 in
1275 3834 1417 3908 hoc
1468 3832 1798 3927 generali
1850 3829 2188 3928 Capitulo
2245 3832 2666 3925 congregati
2721 3841 3122 3908 statuerunt
3181 3836 3478 3934 insuper
3547 3847 3822 3936 tempo·

921 3956 1123 4031 ribus
1177 3957 1549 4054 perpetuis
1622 3954 2189 4030 observandum:
2248 3976 2338 4025 ne
2391 3955 2465 4027 in
2521 3963 2882 4051 posterum
2960 3959 3368 4054 praesentia
3441 3960 3821 4036 Ecclesiae

921 4085 1068 4152 tam
1124 4079 1557 4153 refectiones
1611 4077 1950 4152 videlicet
2004 4099 2134 4150 seu
2189 4074 2644 4171 quotidianae
2709 4076 3286 4170 distributiones,
3355 4105 3564 4177 quam
3622 4086 3822 4180 optio

919 4199 1274 4275 Villarum
1328 4200 2013 4299 praestimonialinm
2054 4205 2127 4270 et
2161 4198 2558 4271 Domorum
2597 4199 3118 4276 canonicalium
3158 4203 3414 4299 cuique
3467 4207 3822 4279 Domino-

920 4344 1075 4394 rum
1132 4323 1563 4398 concedatur
1616 4331 1688 4397 et
1742 4321 2210 4420 permittatur,
2269 4319 2408 4393 nisi
2461 4320 2572 4393 illi
2624 4322 2743 4395 vel
2795 4322 2965 4415 illis,
3023 4325 3146 4420 qui
3189 4325 3262 4398 in
3310 4328 3621 4421 negotiis
3674 4328 3818 4403 Ec-

922 4443 1190 4518 clesiae
1244 4469 1336 4518 ex
1390 4443 1729 4542 Capitulo
1798 4443 2065 4518 fuerint
2134 4441 2378 4537 aliquo
2452 4441 2809 4539 deputati,
2881 4443 3098 4541 idque
3173 4470 3382 4543 quam
3457 4449 3580 4524 diu
3632 4451 3822 4526 haec

922 4562 1171 4638 eadem
1210 4568 1501 4661 negotia
1538 4591 1628 4641 ex
1665 4566 1856 4641 dicta
1893 4563 2350 4664 deputatione
2397 4565 2882 4661 sustinuerint,
2938 4569 3282 4665 temporis
3337 4571 3819 4666 profectionis

922 4692 992 4759 et
1043 4685 1318 4762 reditus
1371 4688 1617 4765 habita
1670 4689 1971 4763 ratione.
