4055 6364
2043 709 2560 801 -12-

854 920 1150 1027 electus·
1178 948 1560 1049 antequam
1598 943 1689 1027 de
1725 948 2067 1050 Capitulo
2122 966 2351 1045 exeat,
2408 950 2649 1026 statim
2701 960 2870 1049 post
2922 950 3347 1027 electionem
3399 952 3751 1027 iuramen-

851 1082 1002 1149 tum
1039 1072 1357 1171 praestet
1410 1069 1914 1147 sacrosanctis
1968 1072 2397 1168 Evangeliis
2451 1097 2665 1150 manu
2716 1074 2952 1167 tactis,
3005 1072 3098 1147 de
3136 1069 3438 1149 Statutis
3476 1078 3549 1149 et
3582 1096 3753 1148 con·

855 1193 1354 1297 suetudinibus
1407 1194 1788 1271 Ecclesiae
1841 1194 2143 1271 firmiter
2180 1196 2679 1291 observandis,
2736 1195 2935 1271 etde
2984 1194 3402 1291 Privilegiis
3456 1195 3754 1270 liberta-

855 1317 1050 1421 tibus
1102 1340 1192 1391 ac
1242 1316 1811 1393 immunitatibus
1862 1318 2097 1415 ipsius
2150 1342 2364 1392 manu
2417 1316 2769 1393 tenendis.

2136 1634 2428 1744 'XV1.

851 1782 898 1847 ..·
1015 1818 1234 1963 'flu-od
1289 1804 1618 1943 censure
1672 1850 1974 1954 capituli
2031 1871 2168 1954 per
2222 1853 2650 1954 episcopum
2708 1870 2847 1935 non
2898 1852 3176 1935 debent
3227 1852 3599 1935 revocari.

1067 2061 1167 2136 Et
1213 2061 1417 2157 quia,
1475 2069 1552 2137 ut
1605 2067 1676 2136 et
1726 2061 1871 2158 ipsi
1931 2061 2008 2136 in
2064 2062 2459 2137 minoribus
2512 2062 2879 2138 constituti
2932 2062 3427 2159 experimento
3500 2061 3757 2139 didici-

863 2206 1044 2277 muS,
1103 2182 1392 2279 quidam
1454 2181 2077 2257 Praedecessores
2147 2186 2375 2259 nostri
2427 2184 2499 2257 in
2557 2192 3034 2284 contemptum
3109 2207 3457 2259 censurae
3528 2185 3762 2259 eccle·

865 2305 1204 2380 siasticae
1259 2328 1432 2379 suae
1488 2304 1744 2380 salutis
1812 2306 2291 2399 immemores,
2351 2330 2738 2403 processus
2792 2316 2864 2381 et
2900 2307 3296 2382 sententias
3350 2330 3759 2383 excommu-

867 2428 1249 2515 nicationis
1303 2450 1434 2527 per
1487 2426 1894 2525 Capitulum
1948 2428 2021 2501 in
2062 2428 2345 2525 aliquos
2398 2429 2923 2523 malefactores,
2984 2434 3314 2527 raptores
3367 2436 3439 2504 et
3491 2430 3764 2504 violen-

861 2552 982 2625 'tes
1036 2550 1247 2643 latas,
1306 2557 1557 2624 contra
1607 2533 2069 2639 laudabilem,
2126 2551 2626 2625 rationabilem
2680 2560 2752 2625 et
2808 2550 3325 2648 praescriptam
3388 2560 3765 2627 consuetu·

869 2673 1110 2765 dinem
1163 2672 1605 2747 revocabant
1637 2681 1709 2746 et
1743 2674 2247 2764 retractabant,
2308 2696 2436 2769 per
2472 2670 2665 2769 quod
2699 2672 2933 2768 ipsum
2990 2668 3400 2769 Capitulum
3446 2673 3521 2746 in
3556 2672 3775 2748 bonis

869 2805 944 2872 'et
994 2796 1308 2877 iuribus
1342 2795 1496 2869 suis
1558 2793 1939 2891 dispendia
2009 2817 2151 2868 non
2208 2793 2491 2868 modica
2546 2802 2619 2868 et
2669 2794 3093 2888 gravamina
3163 2795 3600 2888 sustinebat,
3676 2794 3771 2868 ad

873 2918 1193 2995 tollenda
1238 2918 1460 3015 igitur
1492 2915 1900 2993 huiusmodi
1935 2916 2379 2990 imminentia
2428 2915 2963 3013 impedimenta,
3016 2916 3293 2991 ratione
3332 2926 3772 3015 exposcente

873 3049 948 3116 et
999 3039 1514 3135 consuetudine
1565 3037 2014 3131 rationabili,
2083 3045 2153 3112 et
2210 3038 2657 3135 praescripta
2712 3038 2869 3112 Nos
2924 3046 3225 3132 urgente
3278 3040 3645 3115 voluntate
3701 3048 3777 3113 et

875 3187 1236 3240 consensu
1285 3162 1622 3237 Fratrum
1674 3169 2079 3236 nostrorum
2136 3169 2209 3235 et
2258 3160 2786 3259 supplicatione
2841 3160 3073 3237 adhoc
3126 3159 3544 3268 accedente,
3604 3182 3775 3259 pro-

875 3285 1218 3360 mittimus
1255 3292 1328 3358 et
1365 3285 1786 3360 statuimus:
1841 3306 2234 3383 processus
2272 3294 2345 3357 et
2388 3282 3145 3358 excommunicationis
3198 3284 3591 3358 sententias
3642 3307 3782 3380 per

876 3408 1083 3506 ipsos
1117 3407 1330 3500 latas,
1385 3405 1798 3482 nullatenus
1831 3429 2214 3501 revocare,
2272 3407 2443 3503 quin
2499 3406 2737 3502 potius
2792 3405 2857 3480 si
2909 3427 3212 3480 necesse
3264 3405 3501 3500 fuerit,
3558 3405 3779 3480 etiam

878 3532 1148 3616 nostris
1203 3530 1581 3606 sententiis
1635 3537 1708 3632 et
1757 3528 2229 3628 processibus
2280 3529 2484 3628 ipsas
2539 3528 2971 3625 approbare.

2192 3856 2479 3957 XVII.

1877 4067 1983 4149 ne
2040 4067 2422 4210 novalibus
2479 4065 2819 4148 Decimis.

1097 4279 1489 4370 Statuimus
1527 4280 1739 4354 etiam
1786 4281 2083 4376 insuper
2133 4287 2203 4352 et
2237 4278 2537 4352 firmiter
2588 4277 2980 4350 observare
3034 4275 3533 4372 promittimus,
3591 4271 3791 4370 quod

888 4404 1234 4492 Decimas
1269 4403 1342 4477 in
1382 4402 1762 4482 novalibus
1817 4402 2131 4498 antiquis
2184 4401 2383 4495 agris
2438 4399 2933 4473 adiacentibus
2988 4397 3468 4492 insurgentes,
3527 4420 3571 4470 a
3606 4394 3791 4468 Fra·

879 4527 1120 4620 „tribus
1181 4525 1450 4599 nostris
1529 4521 1918 4598 Canonicis
1989 4522 2371 4596 Ecclesiae
2452 4527 2738 4594 nostrae
2820 4519 3167 4594 duntaxat
3246 4517 3789 4610 Cracoviensis,

879 4650 1299 4724 ‘nullatenus
1352 4647 1808 4743 recipiemus,
1868 4644 2259 4742 specialem
2311 4643 2497 4741 ipsis
2548 4642 2624 4717 in
2660 4642 2800 4717 hoc
2852 4642 3161 4736 gratiam
3216 4648 3289 4714 et
3341 4639 3795 4738 praerogati-

873 4771 1056 4886 jv’am
1108 4772 1478 4858 facientes.
