4055 6364
122 949 183 976 U

1396 789 1962 865 -305—

224 993 373 1078 rych
414 1014 486 1060 za
525 997 989 1079 uprzedzeniem
1036 997 1373 1083 §wie-theno
1421 1001 1605 1065 stanu
1651 989 2110 1084 maltetiskiego
2152 999 2397 1064 urodzil
2441 997 2552 1086 sie.
2600 998 2736 1064 Tak
2775 998 2857 1062 mi
2907 997 3107 1063 Pania

226 1098 393 1164 Boas
438 1119 695 1184 pomosa
740 1121 777 1185 y
822 1103 964 1186 iego
1012 1103 1267 1188 swietha
1310 1103 1651 1186 Evangelia
1712 1105 1882 1170 albo
1947 1105 2089 1188 iego
2135 1102 2390 1190 swietbe
2435 1103 2808 1188 umeczenie.

826 1239 927 1310 (Ex
963 1240 1114 1294 Actis
1155 1241 1305 1294 Anno
1342 1241 1557 1296 Domini
1593 1241 1744 1308 1588,
1782 1241 1865 1296 die
1900 1242 1933 1296 5
1969 1241 2168 1296 mensis
2201 1239 2518 1310 Februarii.)

1449 1451 1622 1516 Idem
1670 1449 1897 1516 latine:

430 1623 568 1708 Ego
606 1623 681 1689 N.
720 1624 853 1689 iuro
903 1626 1035 1689 Deo
1086 1624 1533 1707 Omnipotenti,
1586 1623 1789 1690 dicere
1836 1625 1899 1689 et
1932 1623 2258 1706 perhibere
2301 1622 2485 1688 fidele
2529 1623 2954 1688 testimonium
3001 1641 3107 1688 su-

222 1745 336 1810 per
379 1727 700 1793 Natalium
758 1727 1122 1794 Nobilitatis
1188 1725 1571 1794 Perillustris
1618 1728 1975 1794 Admodum
2020 1727 2364 1794 Reverendi
2413 1726 2487 1792 N.
2537 1726 2616 1794 N.
2668 1724 2992 1806 canonici,
3045 1729 3110 1792 et

223 1830 304 1897 de
348 1831 483 1896 eius
532 1831 847 1914 quaternis
894 1829 1366 1914 Stemmatibus,
1413 1850 1572 1915 quae
1620 1832 1807 1897 babet
1849 1851 1922 1896 ex
1966 1831 2341 1897 Parentibus
2387 1834 2450 1896 et
2493 1829 2666 1911 Avia,
2731 1831 3110 1914 Proavisque

223 1935 359 2000 suis
405 1935 743 2014 nobilibus,
809 1955 882 2002 ac
928 1955 999 2002 ex
1047 1935 1272 2019 quibus
1338 1938 1482 2018 post
1526 1937 1909 2000 contractum
1956 1937 2072 2000 rite
2137 1954 2208 2001 ac
2251 1933 2530 2020 legitime
2595 1953 2843 2001 sacrum
2889 1935 3109 2000 matri·

221 2039 422 2106 monii
468 2037 937 2106 Sacramentum
978 2040 1225 2124 genitus
1263 2043 1377 2106 est.
1432 2038 1537 2105 Sic
1572 2059 1672 2104 me
1708 2039 1879 2105 Deus
1916 2039 2165 2106 adiuvet
2201 2039 2266 2105 et
2299 2037 2529 2105 Sancta
2566 2037 2699 2104 eius
2741 2039 3109 2123 Evangelia.

716 2348 1138 2420 iuramentum
1184 2348 1590 2420 Alumnorum
1637 2347 2042 2420 fundationis
2087 2347 2612 2420 Slovikovianae.

434 2541 568 2624 Ego
614 2540 694 2606 N.
745 2540 879 2607 iuro
928 2541 1058 2607 Deo
1106 2539 1556 2623 omnipotenti,
1622 2539 1789 2624 quod
1835 2559 1908 2606 ex
1944 2538 2245 2625 singulari
2291 2541 2491 2624 gratia
2537 2539 2990 2608 Perillustrium
3040 2543 3106 2606 et

222 2645 909 2711 Reverendissimorum
956 2645 1382 2711 Praelatorum
1430 2647 1491 2714 et
1538 2643 1992 2710 Canonicorum
2039 2641 2508 2710 Cathedralium
2561 2643 3088 2723 cracoviensium,

222 2753 521 2834 tanquam
568 2749 944 2816 Alumnatus
1010 2748 1429 2816 Slovikoviani
1489 2749 1553 2814 in
1602 2749 1883 2831 partibus
1942 2749 2160 2814 Italiac
2223 2748 2466 2815 fundati
2512 2749 2961 2827 Protectorum,
3029 2750 3107 2814 ad

226 2853 500 2918 eundem
544 2851 949 2920 Alumnatum
998 2855 1381 2940 designatae,
1432 2874 1554 2921 non
1600 2856 1661 2918 in
1702 2855 1825 2920 alia
1867 2853 2184 2928 facultate,
2237 2853 2358 2920 nisi
2402 2873 2560 2938 quae
2603 2853 2752 2919 mihi
2809 2874 2882 2919 ex
2925 2856 3107 2920 turno

226 2955 547 3022 facultatis
593 2956 673 3023 N.
726 2957 910 3023 mo'do
977 2961 1335 3026 occurrente
1397 2959 1679 3046 contigit,
1754 2978 1851 3024 me
1896 2959 2184 3033 exerceri,
2253 2958 2597 3041 promoveri
2655 2977 2727 3024 ac
2771 2958 3102 3024 Doctorem

219 3061 574 3127 renuntiari
618 3062 870 3141 curabo,
920 3064 1203 3148 hancque
1238 3064 1601 3130 facultatem
1650 3067 1791 3146 post
1827 3062 2090 3129 reditum
2138 3082 2344 3129 meum
2392 3063 2470 3128 ab
2508 3064 2722 3129 eodem
2768 3064 3110 3129 Alumnatu

223 3166 289 3231 et
328 3184 454 3231 non
492 3165 676 3231 aliam
716 3166 989 3251 profiteri
1027 3170 1092 3234 et
1127 3167 1465 3253 practicare
1511 3167 1847 3235 obstrictus
1887 3187 2011 3233 ero.
2061 3165 2164 3232 Sic
2202 3187 2300 3233 me
2337 3166 2506 3233 Deus
2557 3167 2808 3234 adiuvet
2851 3169 2914 3233 et
2949 3168 3107 3235 haec

223 3268 462 3335 Sancta
509 3271 627 3336 Dei
671 3272 1013 3357 Evangelia
1074 3273 1192 3339 vel
1259 3270 1491 3339 christi
1537 3272 1786 3337 Domini
1835 3268 2076 3337 Passio’.

1087 3563 1450 3637 Submissio
1494 3565 1738 3641 alumni
1786 3562 2248 3637 ssrodzlcclani.

432 3757 566 3845 Ego
612 3757 689 3823 N.
731 3758 809 3825 N.
857 3758 1190 3841 Presbyter
1234 3758 1552 3823 Dioecesis
1600 3754 2051 3836 cracoviensis,
2103 3775 2176 3822 ex
2212 3756 2415 3840 gratia
2456 3755 2872 3824 Illustrissimi
2921 3756 3106 3841 capi-

220 3860 345 3927 tuli
393 3857 787 3928 cathedralis
826 3860 1257 3929 cracoviensis
1296 3862 1375 3926 ad
1415 3862 1945 3945 participationem
1987 3860 2362 3925 Alumnatus
2401 3858 2834 3927 Grodzicciani
2869 3860 3108 3927 Romae

218 3965 471 4031 fundati
517 3966 775 4045 electus,
828 3967 1057 4033 emissa
1096 3967 1218 4032 iam
1256 3966 1321 4031 in
1358 3964 1554 4031 Stuba
1598 3966 1876 4055 eiusdem
1924 3966 2338 4032 Illustrissimi
2384 3963 2660 4049 Capituli
2704 3967 2786 4033 ad
2835 3968 3106 4031 mentem

218 4068 573 4137 Erectionis
638 4072 787 4137 dicti
842 4071 1240 4149 Alumnatus,
1293 4070 1735 4135 Sacrosauctae
1797 4069 1940 4135 fidei
1987 4069 2395 4153 professione,
2444 4072 2508 4135 in
2555 4070 3108 4153 adimplementum

220 4174 541 4240 ulterioris
588 4174 990 4241 ordinationis
1037 4193 1075 4240 a
1115 4174 1465 4240 Perillustri
1502 4174 2038 4241 Revereudissimo
2077 4176 2222 4239 olim
2263 4175 2529 4259 Iosepho
2563 4174 2892 4242 Grodzicki
2937 4176 3106 4241 Fun-

221 4277 446 4343 datore
492 4278 927 4361 praescriptae,
978 4282 1367 4363 praesentem
1406 4279 1723 4344 solennem
1764 4278 2256 4345 submissionem
2294 4285 2358 4345 in
2395 4280 2864 4363 praenominata
2910 4279 3113 4347 Stuba

218 4382 645 4448 Illustrissimi
693 4381 965 4465 Capituli
1013 4381 1439 4449 Cracoviensis
1486 4384 1829 4462 subscribo,
1883 4402 2004 4467 qua
2041 4384 2356 4449 mediante
2394 4384 2668 4467 spondeo
2708 4390 2772 4449 et
2809 4404 2906 4451 me
2944 4385 3107 4451 obli-

220 4504 331 4570 go,
382 4486 549 4569 quod
595 4486 805 4552 omnia
848 4487 1232 4571 praescripta
1274 4486 1623 4553 Erectionis
1668 4486 2042 4554 Alumnatus
2092 4486 2518 4555 Grodzicciani
2565 4486 2946 4555 adamussim
2996 4490 3108 4556 ob·

220 4592 490 4657 servabo
548 4591 612 4656 et
656 4591 997 4675 adimplere
1061 4592 1426 4675 procurabo,
1493 4592 1609 4657 sub
1672 4590 1929 4657 nexibus
1993 4596 2058 4657 et
2117 4592 2323 4677 rigore
2386 4593 2448 4656 in
2497 4592 2717 4659 eadem
2778 4593 3110 4659 Erectione

219 4694 731 4779 praecustoditis.
782 4696 1014 4762 Datum
1061 4693 1396 4763 cracoviae
1438 4695 1504 4760 in
1548 4695 1743 4762 Stuba
1787 4695 2148 4779 capitulari,
2199 4696 2299 4777 die
2352 4697 2379 4761 l
2432 4694 2722 4764 Octobris
2774 4695 2960 4763 1784.

884 4988 1144 5059 Literae
1191 4988 1645 5059 nominationis
1692 4988 1895 5059 eidem
1944 4989 2201 5059 Romam
2246 4989 2465 5060 datae.

729 5091 1116 5180 Dlploma
1177 5110 1327 5181 pro
1391 5092 1849 5164 Atumnatu
1914 5092 2598 5165 Grodzicciano.

434 5265 709 5331 Praelati
755 5267 819 5332 et
862 5264 1183 5347 canonici,
1250 5268 1577 5350 totumque
1642 5264 1999 5351 capitulum
2063 5268 2380 5334 Ecclesiae
2433 5265 2826 5335 cathedralis
2874 5267 3110 5336 craco-

214 5368 481 5451 viensis,
530 5369 836 5436 universis
882 5372 944 5437 et
980 5370 1245 5455 singulis
1292 5391 1553 5455 quorum
1598 5372 1877 5451 interest,
1925 5370 2252 5457 signanter
2285 5392 2430 5437 vero
2467 5370 2918 5439 illustrissimis
2968 5373 3112 5439 Per-

2688 5474 2775 5541 39
