4055 6364
1386 819 1485 832 .-
1597 759 1694 849 39
1805 816 1902 828 -..

1332 973 1722 1116 ”’.’1;ι’.’
1828 969 1918 980 ”

192 1246 304 1328 ne
345 1244 920 1347 praemittendis
958 1245 1200 1327 literis
1240 1241 1495 1325 cridae
1543 1262 1706 1325 cum
1744 1242 2061 1324 termino
2108 1243 2325 1324 unius
2361 1242 2646 1325 mensis
2683 1219 3095 1323 occurente

635 1367 1038 1449 vacatione
1093 1365 1320 1448 Villae
1375 1364 2012 1466 praestimonialis
2067 1366 2205 1446 aut
2257 1361 2647 1464 Lapideae.

404 1595 890 1670 Revolventes
925 1617 1090 1668 enm
1130 1593 1372 1668 debita
1409 1593 1806 1687 diligentia,
1865 1592 2224 1689 quomodo
2278 1592 2465 1666 alias
2513 1585 2845 1666 villarum
2887 1615 3091 1688 prae·
3154 1569 3165 1580 ⁸

190 1717 712 1793 stimonialium
749 1723 822 1790 et
859 1715 1228 1789 domorum
1285 1714 1604 1812 Capituli
1659 1737 1945 1812 quoquo
1999 1714 2217 1789 modo
2270 1714 2699 1807 vacantium,
2755 1713 3092 1788 distribu-

193 1841 302 1915 tio
359 1840 518 1914 sive
572 1834 893 1936 provisio
934 1838 1294 1912 duntaxat
1357 1836 1766 1935 Capitulum
1819 1827 2163 1933 generale
2220 1837 2727 1929 concernebat,
2784 1837 3094 1934 plerum-

177 1986 330 2059 que
390 1985 481 2034 ex
535 1959 866 2035 diuturna
923 1958 1240 2057 Capituli
1293 1953 1658 2056 generalis
1711 1961 2243 2058 expectatione,
2320 1959 2705 2034 earundem
2760 1959 3093 2032 villarum

189 2093 264 2159 et
301 2083 675 2158 domorum
711 2082 1090 2155 vacatione
1127 2083 1450 2172 durante,
1508 2083 1850 2156 notabilis
1902 2083 2221 2180 ipsarum
2278 2081 2667 2156 desertatio
2715 2103 3095 2176 rerumque

181 2206 530 2280 Fratrum
585 2204 826 2299 aliquo
883 2201 1244 2298 defuneto,
1303 2204 1802 2279 derelictarum
1863 2227 1993 2301 pro
2041 2204 2279 2277 anima
2335 2202 2654 2277 defuncti
2708 2201 3092 2300 disponen-

187 2327 468 2418 darum,
523 2326 772 2422 gravis
830 2333 902 2398 et
955 2326 1303 2401 damnosa
1375 2326 1746 2400 distractio
1821 2326 2335 2422 domorumque
2410 2325 2764 2421 collapsio
2822 2325 2915 2397 ab
2970 2347 3092 2398 ex-

185 2471 450 2547 presso
507 2448 989 2541 contingebat.
1046 2446 1542 2543 Volentesque
1596 2448 1764 2521 huic
1821 2449 2122 2522 notabili
2178 2445 2489 2521 defectui
2546 2447 2935 2520 salubriter
2970 2467 3089 2518 oc·

185 2593 504 2663 currere,
562 2577 802 2644 mutua
857 2568 1375 2645 deliberatione
1421 2569 1849 2668 praehabita
1902 2571 2303 2662 statuimus,
2362 2576 2439 2643 ut
2493 2568 2861 2665 deinceps,
2919 2591 3092 2664 quo-

185 2695 614 2787 tiescunque
685 2681 999 2785 aliquam
1055 2691 1336 2784 villam,
1410 2692 1623 2788 lapso
1697 2717 1740 2766 a
1811 2691 1929 2766 die
1997 2693 2400 2766 vacationis
2480 2691 2803 2766 eiusdem
2880 2691 3093 2778 unius

51 2847 62 2858 ·
187 2814 464 2888 mensis
519 2814 778 2910 spatio,
834 2813 1067 2911 prima
1121 2812 1238 2886 die
1293 2809 1699 2911 Capitulari
1751 2825 1913 2910 post
1951 2814 2253 2888 eundem
2308 2836 2628 2887 mensem
2680 2810 3090 2886 immediate

181 2944 634 3029 occurrente,
690 2938 1023 3010 omnibus
1077 2934 1544 3012 dilationibus
1601 2937 1952 3011 submotis
2004 2924 2133 3034 pe'r
2172 2936 2471 3011 Fratres
2523 2944 2947 3034 praesentes
3002 2933 3093 3008 de

181 3059 370 3133 villa
424 3058 546 3132 vel
597 3058 832 3152 villis,
891 3056 1103 3132 domo
1157 3058 1278 3132 vel
1332 3058 1666 3133 domibus
1719 3059 1828 3133 sic
1882 3060 2170 3133 vacanti
2226 3060 2343 3134 vel
2395 3059 2821 3133 vacantibus
2876 3055 3094 3133 alicui

183 3181 310 3255 vel
385 3179 748 3277 aliquibus
803 3203 894 3253 ex
943 3178 1326 3255 Fratribus
1400 3180 1661 3255 debeat
1728 3179 2121 3279 provideri.
2212 3180 2320 3256 Ut
2372 3189 2607 3257 autem
2680 3176 3088 3256 huiusmodi

181 3302 412 3376 villae
484 3302 768 3376 vacatio
841 3323 983 3375 non
1058 3302 1507 3377 clandestine
1578 3304 1837 3398 lateat,
1917 3304 2048 3381 sed
2104 3304 2196 3379 ad
2253 3304 2698 3398 singulorum
2754 3301 3086 3377 Fratrum

183 3425 518 3499 notitiam
575 3422 946 3516 deveniat,
1022 3425 1352 3499 volumus
1405 3434 1638 3502 autem
1695 3436 1772 3501 ut
1824 3450 1991 3500 mox
2046 3427 2370 3522 exequiis
2435 3426 2719 3499 Fratris
2775 3426 3091 3499 defuncti

182 3546 548 3645 peractis,
621 3554 742 3621 aut
795 3547 1172 3621 vacatione
1227 3547 1448 3621 villae
1510 3572 1642 3645 per
1695 3572 1991 3623 censum
2045 3548 2512 3622 Praelaturae
2584 3555 2707 3623 aut
2778 3545 3089 3621 Canoni—

184 3680 397 3744 catus
469 3670 624 3743 sive
699 3692 954 3745 munus
1027 3671 1592 3745 consecrationis
1661 3673 2103 3769 impensum,
2180 3695 2307 3745 seu
2376 3670 2631 3766 quovis
2703 3670 2846 3742 alio
2900 3670 3091 3743 iusto

183 3802 259 3866 et
311 3791 641 3885 legitimo
694 3792 1098 3865 vacationis
1148 3814 1418 3887 genere
1475 3804 1894 3869 oecurrente
1951 3792 2215 3868 Citatio
2268 3792 2637 3887 generalis
2683 3812 3086 3889 super-om-

175 3938 320 3988 nes
375 3923 451 3987 et
485 3914 814 4007 singulos
864 3913 1165 3987 Fratres
1219 3915 1559 3989 absentes
1614 3938 1915 4012 quorum
1966 3917 2269 3991 interest
2323 3915 2683 3988 citationis
2740 3914 3089 3987 terminus

183 4035 280 4109 ad
341 4033 642 4108 eandem
695 4036 992 4132 primam
1051 4034 1238 4109 diem
1313 4034 1800 4131 capitularem
1875 4046 2042 4135 post
2093 4039 2374 4133 lapsum
2433 4036 2752 4111 eiusdem
2820 4036 3091 4109 mensis

183 4166 706 4251 occurrentem,
761 4160 1240 4254 peremptorie
1299 4157 1557 4233 durare
1613 4159 1926 4251 debebit,
1985 4184 2115 4255 per
2168 4158 2714 4233 Procuratorem
2773 4156 3090 4253 Capituli

181 4282 256 4354 in
315 4278 566 4354 Choro
617 4280 1000 4354 Ecclesiae
1053 4280 1412 4374 affigatur,
1474 4304 1616 4377 qua
1669 4283 1930 4356 avisati
1984 4304 2234 4356 omnes
2290 4290 2361 4357 et
2408 4282 2673 4381 singuli
2714 4280 2805 4353 ad
2845 4280 3087 4375 dispo-

173 4402 503 4476 nendum
578 4401 668 4477 de
738 4402 1147 4477 huiusmodi
1214 4404 1502 4489 vacanti
1572 4404 1986 4501 provisione
2057 4403 2377 4498 legitime
2450 4409 2948 4499 compareant,
3016 4402 3089 4473 in

183 4548 331 4620 quo
390 4524 689 4599 termino
743 4526 832 4598 ad
870 4523 1131 4597 dietam
1194 4526 1678 4621 provisionem
1736 4526 1871 4600 erit
1920 4524 2477 4622 procedendum,
2534 4524 2860 4597 absentia
2915 4546 3089 4618 quo-

181 4668 632 4742 rumcunque
684 4668 828 4719 non
883 4647 1214 4721 obstante
1237 4705 1254 4740 ,
1330 4648 1537 4721 salvo
1611 4671 1785 4723 casu
1858 4671 1999 4743 quo
2056 4648 2250 4722 dicta
2318 4648 2605 4721 vacatio
2678 4646 2896 4720 villae
2968 4655 3091 4720 aut

169 4768 452 4844 domus
520 4767 710 4841 infra
778 4766 1188 4865 Capitulum
1260 4771 1605 4864 generale
1677 4772 2037 4864 eveniret,
2110 4779 2233 4846 aut
2297 4770 2483 4844 infra
2556 4792 2843 4843 cursum
2917 4767 3090 4842 dicti

186 4890 464 4964 mensis
517 4888 924 4966 huiusmodi
980 4889 1390 4987 Capitulum
1444 4894 1790 4986 generale
1845 4892 2353 4969 celebrandum
2390 4899 2823 4966 occurreret.
2879 4890 3090 4965 Tunc

187 5012 380 5087 enim
435 5034 578 5085 non
634 5019 1014 5108 expectato
1065 5012 1209 5087 fine
1269 5012 1766 5095 dictimensis
1822 5016 2230 5092 distributio
2268 5022 2339 5088 et
2374 4984 2721 5112 provisio⁸
2748 5014 2839 5087 de
2876 5012 3089 5087 dictis

189 5135 372 5209 villa
443 5142 517 5209 et
568 5134 779 5209 domo
847 5134 1007 5210 fieri
1072 5137 1336 5232 poterit
1403 5137 1618 5215 modo
1689 5160 2193 5236 perexpresso.
2284 5136 2466 5212 Cum
2542 5135 2632 5210 ad
2707 5135 3089 5223 tenendum

190 5255 608 5354 Capitulum
659 5258 1003 5353 generale
1058 5258 1324 5353 singuli
1379 5259 1678 5334 Fratres
1733 5268 2107 5335 teneantur
2166 5261 2521 5336 interesse
2576 5266 2649 5332 et
2700 5257 3087 5365 celebratio

192 5378 518 5478 Capituli
567 5380 933 5475 generalis
986 5403 1559 5480 unumquemque
1613 5382 1981 5479 Fratrem,
2061 5382 2400 5459 citatione
2472 5403 2616 5459 non
2689 5379 3090 5483 praemissa
