4055 6364
2076 755 2595 836 -28-

880 993 1069 1046 anno
1125 965 1429 1046 Gratiae
1484 964 1836 1045 statutum
1871 969 1945 1043 in
1983 971 2307 1045 favorem
2367 969 2858 1043 Praelatorum
2908 975 2981 1042 et
3016 965 3545 1043 Canonicorum
3600 965 3777 1041 Cra-

884 1093 1329 1169 coviensium
1386 1089 1696 1182 condita,
1755 1113 2051 1187 quorum
2108 1091 2410 1188 primum
2470 1089 2662 1186 quod
2716 1089 3007 1187 incipit:
3114 1087 3335 1176 „Cum
3390 1111 3545 1180 eos,
3602 1113 3786 1185 quos

879 1215 1088 1290 vivos
1145 1213 1528 1288 dileximus
1585 1212 1890 1308 diligere
1946 1211 2293 1287 debemus
2330 1221 2403 1286 et
2436 1221 2821 1306 mortuOS,“
2888 1212 3189 1285 alterum
3246 1209 3439 1306 quod
3493 1211 3777 1306 incipit:

891 1337 1222 1424 „Dudum
1277 1359 1408 1434 per
1443 1335 1803 1411 <Ioannem
1846 1334 2291 1433 Episcopum
2332 1337 2498 1433 piae
2544 1333 2969 1408 memoriae‘*
3028 1357 3211 1429 quae
3251 1331 3779 1430 praesentibus,

884 1459 1085 1535 velut
1135 1481 1531 1554 gravamen
1586 1480 1727 1532 uon
1781 1459 2091 1552 gratiam
2148 1455 2658 1531 decedentibus
2728 1457 3101 1529 afferentia
3170 1455 3662 1548 extinguimus
3713 1463 3785 1528 et

887 1581 1292 1671 abolemus,
1352 1589 1648 1678 propter
1703 1579 2308 1676 qualificationem
2364 1578 2951 1654 beneficiatorum
3006 1587 3079 1652 et
3130 1587 3531 1674 temporum
3555 1634 3572 1668 ‚
3648 1579 3781 1650 sub

880 1706 1142 1801 quibus
1197 1703 1556 1778 decedunt
1610 1702 2287 1777 diversificationem
2345 1701 2439 1775 ad
2491 1699 2985 1796 liquidandum
3051 1699 3335 1773 definiri
3390 1708 3463 1773 et
3520 1698 3779 1772 decidi.

883 1825 1367 1925 Quapropter,
1423 1825 1671 1899 habita
1726 1847 1945 1922 super
1997 1833 2140 1898 tam
2199 1823 2479 1897 nodosa
2534 1831 2603 1896 et
2656 1823 3073 1896 necessaria
3145 1823 3573 1918 quaestione
3627 1844 3781 1894 eum

885 1947 1450 2024 Venerabilibus
1487 1946 1869 2022 Fratribus
1925 1945 2217 2040 nostris,
2254 1944 2615 2018 Praelatis
2651 1953 2724 2018 et
2761 1942 3151 2018 Canonicis
3184 1942 3573 2017 Ecclesiae
3610 1942 3780 2016 Cra-

881 2069 1268 2162 coviensis‚
1327 2067 1657 2163 diligenti
1711 2067 2229 2142 deliberatione
2268 2076 2341 2142 et
2376 2074 2704 2161 tractatu,
2759 2066 2899 2139 hoc
2935 2075 3284 2163 perpetuo
3336 2066 3425 2139 de
3462 2066 3782 2163 ipsorum

879 2191 1400 2291 approbatione
1483 2197 1557 2264 et
1625 2213 1931 2265 assensu
1986 2187 2351 2265 sancimus
2434 2188 2709 2281 edict0‚
2797 2205 2871 2263 nt
2952 2188 3253 2284 quilibet
3332 2185 3780 2280 dignitatem,

879 2314 1384 2408 Personatum,
1441 2312 1981 2402 canonicatum,
2038 2311 2577 2406 Praebendam,
2634 2311 2927 2404 Altare,
2980 2308 3471 2407 parochialem
3528 2307 3782 2381 Eccle-

879 2437 1083 2531 siam,
1137 2435 1507 2511 Vieariam
1545 2442 1983 2533 perpetuam,
2044 2435 2199 2508 sive
2238 2435 2671 2526 manualem,
2709 2443 2781 2508 et
2821 2431 3293 2529 quodcunque
3332 2428 3529 2504 aliud
3570 2432 3783 2504 bene·

879 2558 1120 2634 ficium
1156 2559 1276 2633 vel
1307 2557 1621 2632 officium
1663 2565 2007 2648 curatum,
2050 2556 2206 2630 sive
2243 2579 2384 2629 non
2418 2565 2760 2649 curatum,
2808 2564 3225 2653 perpetuum
3264 2561 3385 2628 aut
3424 2552 3781 2644 manuale,

882 2689 1026 2755 tam
1084 2681 1157 2754 in
1213 2678 1632 2754 Cathedrali
1705 2702 1915 2774 quam
1973 2675 2423 2772 Collegiata,
2482 2675 3098 2752 Conventualibus
3164 2683 3287 2750 aut
3339 2675 3783 2749 Pariochali-

883 2805 1044 2895 bus,
1103 2801 1535 2895 obtinendis,
1591 2822 1722 2898 pro
1779 2799 2150 2890 solvendis
2206 2799 2489 2890 debitis,
2547 2799 2947 2894 largiendis
3000 2798 3462 2876 eleemosinis
3518 2807 3592 2871 et
3628 2821 3785 2872 ora-

883 2925 1224 3014 tionibus,
1296 2947 1431 3020 pro
1487 2923 1718 2998 salute
1772 2922 2005 3019 ipsius
2080 2922 2538 3013 ordinandis,
2616 2921 3104 2997 sustentandis
3179 2929 3301 2996 aut
3354 2919 3789 2995 decorandis

884 3045 1265 3138 Ecclesiis,
1321 3045 1438 3119 his
1493 3045 1916 3142 praesertim
1973 3045 2165 3142 apud
2222 3067 2403 3140 quas
2448 3044 2803 3118 beneficia
2858 3045 3247 3136 obtinebat,
3304 3067 3567 3118 annum
3622 3067 3787 3137 gra·

884 3168 1025 3244 tiae
1099 3163 1342 3269 (etiam
1417 3166 1480 3241 si
1551 3167 1932 3242 intestatus
2015 3164 2463 3268 decesserit),
2541 3192 2748 3265 quem
2822 3193 2867 3242 a
2913 3165 3127 3241 'festo
3198 3164 3789 3243 Circumcisionis

887 3292 1208 3383 Domini,
1267 3290 1423 3365 sive
1461 3314 1504 3363 a
1542 3290 1772 3387 prima
1827 3288 1943 3363 die
1995 3288 2352 3382 Januarii,
2406 3291 2749 3364 universa
2799 3289 3171 3379 Polonica,
3229 3287 3363 3362 sed
3416 3296 3490 3361 et
3544 3296 3789 3362 nostra

889 3411 1359 3487 Oracovienis
1429 3434 1804 3486 numerare
1860 3412 2113 3509 incipit
2183 3410 2555 3507 Ecclesia,
2614 3413 2879 3487 habeat
2933 3410 3296 3485 decedens
3368 3413 3503 3485 sub
3567 3412 3785 3483 infra-

887 3536 1157 3631 scripto
1212 3541 1448 3607 tamen
1503 3534 1751 3607 ordine
1805 3542 1878 3609 et
1931 3534 2381 3609 conditione:
2456 3542 2534 3609 ut
2586 3536 2651 3609 si
2705 3534 2868 3632 quis
2922 3534 3092 3611 anni
3164 3534 3519 3630 principio
3588 3533 3783 3605 vide-

883 3657 1057 3731 licet
1107 3656 1180 3730 in
1236 3656 1468 3729 tribus
1521 3655 1891 3731 mensibus
1917 3712 1934 3747 ,
1993 3663 2115 3731 aut
2170 3679 2412 3732 eorum
2467 3659 2697 3731 altero
2722 3714 2761 3747 ,.
2792 3656 3147 3732 Januario
3170 3713 3187 3748 ,
3260 3656 3663 3730 Februario
3714 3664 3791 3728 et

885 3778 1150 3853 Martio
1206 3777 1642 3871 decesserit,
1717 3786 2043 3875 quartam
2098 3788 2372 3875 partem
2429 3780 2744 3854 omnium
2815 3788 3289 3877 proventuum
3363 3801 3788 3875 quocunque

888 3908 1318 3975 censeantur
1371 3900 1658 3974 nomine
1721 3901 1920 3975 iuxta
1972 3926 2211 3977 rerum
2273 3902 2589 3976 valorem
2649 3901 2761 3977 sui
2814 3900 3146 3975 beneficii
3200 3901 3501 3993 habeat,
3560 3925 3787 3975 rema·

889 4024 1222 4099 uentibus
1291 4023 1522 4097 tribus
1596 4024 1921 4119 partibus
1985 4047 2119 4122 pro
2174 4020 2613 4099 Successore
2689 4024 2806 4098 cui
2878 4023 3089 4097 etiam
3160 4022 3251 4095 ad
3326 4023 3788 4097 seminandos

889 4168 1109 4239 agros
1165 4143 1570 4241 praediales
1623 4146 1980 4220 tenebitur
2035 4146 2441 4241 relinquere
2496 4144 2879 4220 aestivalia
2932 4145 3309 4218 frumenta.
3403 4144 3549 4231 Qui
3615 4166 3787 4216 vero

888 4267 962 4341 in
1017 4268 1387 4342 mensibus
1442 4267 1702 4364 Aprili,
1761 4268 1956 4342 Maio
2005 4276 2079 4342 et
2111 4268 2334 4344 Junio
2392 4268 2537 4342 vita
2592 4267 3009 4358 excesserit,
3067 4266 3379 4340 omnium
3433 4266 3787 4340 fructuum

896 4412 990 4463 ex
1029 4412 1262 4485 aequo
1311 4388 1578 4464 habeat
1631 4412 1872 4465 veram
1929 4390 2407 4485 medietatem,
2467 4390 2693 4464 altera
2748 4388 3129 4463 medietate
3182 4412 3315 4486 pro
3354 4385 3795 4463 Successore

892 4519 1283 4585 reservata.
1374 4511 1454 4584 Is
1509 4534 1682 4585 vero
1755 4513 1878 4607 qui
1936 4513 2012 4585 in
2069 4513 2437 4586 mensibus
2512 4512 2755 4604 auno,
2830 4510 3189 4605 Augusto.
3236 4518 3307 4584 et
3379 4506 3793 4608 Septembri

895 4631 1192 4727 obierit,
1275 4641 1423 4707 tres
1496 4640 1737 4730 partes
1809 4634 2119 4708 omnium
2201 4644 2674 4732 proventuum
2746 4635 2823 4707 in
2893 4656 3067 4708 vero
3140 4634 3410 4707 valore
3455 4633 3787 4731 accipiat,

898 4762 1150 4849 quarta
1223 4754 1569 4830 duntaxat
1642 4752 2105 4830 Successoris
2178 4755 2571 4830 commodis
2644 4754 2890 4849 cedat,
2966 4779 3097 4853 pro
3170 4740 3311 4851 quo
3375 4756 3593 4829 etiam
3644 4757 3793 4831 fru-

823 4980 828 4983 .
896 4884 1136 4949 menta
1185 4876 1548 4974 hyemalia
1601 4877 1692 4950 ad
1749 4880 2215 4973 quantitatem
2271 4902 2607 4973 agrorum
2681 4878 3152 4975 praedialium
3208 4900 3348 4951 non
3406 4878 3790 4952 seminato-

896 5020 1052 5071 rum
1106 4998 1437 5074 volumus
1491 5022 1622 5096 per
1673 5008 2022 5073 mortuum
2080 5010 2152 5075 et
2206 5002 2361 5075 eius
2435 5001 2880 5075 Executores
2934 5001 3263 5097 relinqui.
3356 4996 3433 5074 Si
3486 5024 3663 5075 vero
3716 5000 3785 5073 in

897 5120 1268 5197 mensibus
1340 5118 1699 5212 Octobre,
1774 5122 2188 5197 Novembre
2246 5133 2317 5198 et
2368 5124 2776 5198 Decembre
2842 5124 3136 5216 obierit,
3215 5146 3462 5199 omnes
3516 5124 3793 5198 fructus

899 5252 972 5319 et
1022 5243 1358 5318 introitus
1414 5243 1526 5319 sui
1566 5242 1896 5318 beneficii
1949 5247 2225 5341 absque
2282 5246 2747 5319 diminutione
2802 5248 3059 5319 mortui
3112 5246 3464 5343 percipiat
3516 5246 3792 5341 absque

899 5363 1393 5460 Successoris,
1471 5366 1586 5442 cui
1637 5367 2174 5465 perceptionem
2247 5376 2865 5465 quantamcunque
2937 5370 3223 5443 illorum
3295 5368 3789 5443 interdicimus
