4055 6364
958 955 1341 1035 destinatis
1390 954 1895 1049 inscribantur,
1948 954 2150 1031 iuxta
2203 956 2486 1033 modum
2543 980 2632 1033 ac
2665 958 3016 1035 rationem
3069 983 3116 1034 a
3163 958 3560 1033 maioribus
3593 958 3872 1032 nostris

956 1076 1031 1151 in
1084 1074 1475 1155 Volumina
1527 1098 1657 1151 seu
1712 1074 1989 1153 Codice
2041 1076 2596 1173 Privilegiorum
2651 1079 3105 1176 antiquorum
3157 1080 3652 1157 observatam.

1168 1195 1277 1275 Ut
1328 1194 1577 1273 debita
1627 1197 1939 1273 omnium
1996 1196 2604 1275 Constitutionum
2653 1198 3200 1298 Episcopalium
3220 1256 3238 1293 ,
3311 1222 3446 1275 nec
3495 1222 3650 1275 non
3707 1194 3870 1271 Sta·

955 1324 1265 1395 mtorum
1318 1342 1407 1397 ao
1458 1318 1939 1395 Decretorum
2010 1320 2532 1417 Capitularium
2604 1320 3066 1397 observantia
3143 1320 3490 1396 hactenus
3563 1326 3874 1416 propter

952 1436 1443 1535 ignorantiam
1514 1438 1905 1515 eorundem
1976 1439 2411 1535 intermissa,
2468 1440 2560 1517 ad
2613 1442 3139 1541 praescriptum
3195 1464 3398 1515 nsum
3451 1446 3870 1531 revocetur,

954 1559 1459 1658 praesentibus
1512 1558 1967 1639 ordinamus:
2024 1568 2106 1635 ut
2155 1562 2416 1639 amodo
2470 1570 2542 1638 et
2592 1562 2939 1661 deinceps
3001 1563 3074 1637 in
3133 1562 3458 1659 quolibet
3505 1580 3874 1635 consessu

955 1678 1451 1779 Capitulorum
1525 1680 2098 1780 septimanalium
2121 1738 2140 1777 ,
2211 1690 2284 1757 et
2334 1684 2760 1779 praesertim
2815 1706 2949 1780 pro
3002 1680 3540 1758 occurrentibus
3595 1688 3874 1755 tracta-

954 1802 1149 1879 tibus
1200 1802 1649 1896 negotiorum
1664 1858 1683 1894 ,
1762 1802 2034 1899 aliquid
2111 1802 2204 1879 de
2257 1802 2608 1879 eiusmodi
2680 1802 3362 1897 Constitutionibus,
3433 1798 3752 1877 Statutia
3799 1808 3876 1875 et

952 1922 1294 1997 Decretis
1345 1944 1477 2020 per
1529 1922 1853 2001 ordinem
1908 1922 2200 2019 publice
2251 1923 2562 2018 legatur.

1163 2042 1461 2121 Modum
1514 2066 1603 2121 ac
1656 2042 1979 2121 ordinem
2035 2050 2462 2121 tractatuum
2516 2043 3038 2141 Capitularium
3091 2045 3612 2138 conservaturi,
3665 2044 3868 2139 prio-

952 2164 1156 2241 ribus
1226 2160 1879 2243 Praedecessorum
1970 2172 2374 2241 nostrorum
2463 2190 2552 2241 ac
2626 2164 3092 2241 Venerabilis
3179 2164 3500 2265 Capituli
3567 2165 3716 2240 hae
3789 2164 3868 2239 in

953 2292 1159 2382 parte
1212 2286 1689 2382 reassumptis
1742 2283 2363 2376 Ordinationibus,
2417 2286 2558 2361 hoc
2594 2294 2966 2385 praeterea
3019 2285 3603 2383 superaddimus:
3661 2284 3862 2384 quod

954 2404 1021 2479 si
1074 2405 1431 2503 quispiam
1486 2403 2040 2498 Canonieorum,
2097 2404 2266 2483 dum
2319 2406 2612 2503 aliquod
2667 2407 3034 2502 negotium
3077 2431 3211 2505 per
3243 2416 3417 2485 vota
3449 2408 3859 2506 expeditur,

952 2524 1253 2601 alterius
1322 2533 1564 2603 votum
1634 2527 2128 2625 interrumpat,
2203 2528 2680 2625 privationem
2751 2529 2956 2605 vocis
3025 2528 3308 2603 activae
3377 2529 3452 2605 in
3511 2526 3858 2626 Capitulo

951 2646 1082 2723 illa
1134 2645 1255 2721 die
1308 2647 1679 2723 sustineat.

1162 2766 1499 2843 Periculo
1569 2767 1815 2847 damni
1885 2776 2007 2844 aut
2059 2768 2515 2864 incommodi,
2591 2790 2879 2866 quoquo
2931 2770 3148 2846 modo
3195 2770 3376 2847 illud
3433 2770 3864 2867 contingere

952 2888 1313 2986 potuisset
1328 2944 1348 2979 ,
1401 2888 1805 2983 obviantes,
1862 2890 2282 2967 statuimus:
2361 2898 2441 2968 ut
2509 2914 2604 2967 ex
2651 2892 2875 2967 rebus
2935 2899 3080 2968 tam
3153 2891 3568 2985 Ecclesiae,
3643 2915 3862 2989 quam

952 3008 1297 3103 thesauri,
1354 3017 1426 3085 et
1476 3010 1901 3107 praesertim
1955 3012 2318 3108 pretiosis,
2373 3013 2553 3087 nihil
2607 3012 2894 3087 omnino
2948 3013 3367 3109 particulari
3403 3013 3622 3089 alicui
3659 3036 3860 3087 com-

960 3127 1310 3225 modetur,
1388 3130 1546 3206 sine
1600 3153 1952 3229 expresso
2024 3156 2386 3212 consensu
2450 3141 2522 3209 et
2570 3132 2870 3210 licentia
2921 3133 3144 3210 totius
3193 3131 3658 3212 Venerabilis
3709 3131 3858 3210 Ca·

956 3251 1187 3350 pituli,
1241 3250 1463 3348 idque
1516 3253 1653 3328 sub
1708 3275 1945 3350 poena
1996 3255 2778 3332 excommunicationis.

1166 3371 1333 3462 Quo
1386 3373 1942 3452 commodiorem
1996 3373 2438 3452 Statutorum
2493 3385 2564 3452 et
2607 3377 3082 3452 Decretorum
3137 3398 3428 3452 suorum
3479 3376 3860 3452 scientiam

952 3515 1206 3570 omnes
1257 3491 1715 3592 Capitulares
1771 3503 2080 3589 teneant,
2134 3499 2228 3573 ab
2265 3498 2374 3573 eis
2426 3505 2725 3595 paterne
2777 3497 3224 3594 requirimus:
3279 3506 3630 3594 quatenus
3665 3496 3858 3574 duos

956 3637 1046 3690 ex
1099 3614 1584 3712 Presbyteris‚
1643 3616 1733 3690 de
1788 3640 2092 3712 quorum
2164 3618 2578 3716 prudentia,
2651 3619 2922 3694 iudicio
2975 3628 3050 3695 et
3101 3617 3530 3696 dexteritate
3579 3621 3856 3694 eonsti-

954 3735 1143 3829 terit,
1200 3735 1494 3831 eligant,
1582 3737 1703 3832 qui
1760 3736 2053 3835 aliquod
2108 3761 2322 3835 quam
2375 3740 2880 3816 brevissimum
2936 3740 3248 3815 omnium
3303 3738 3741 3817 Statutorum
3781 3747 3858 3814 et

955 3857 1429 3932 Decretorum
1484 3857 1837 3933 eiusmodi
1886 3857 2374 3936 reductorium
2427 3883 2558 3936 seu
2609 3860 3122 3958 repertorium,
3197 3861 3408 3935 etiam
3465 3860 3856 3936 constituto

956 3976 1200 4074 operis
1252 3976 1487 4073 pretio
1542 3978 1928 4058 conficiant
1980 3988 2054 4053 et
2107 3981 2588 4072 conscribant,
2645 3980 2975 4058 similiter
3027 3987 3101 4054 et
3151 4003 3472 4078 onerum,
3529 3981 3622 4056 ad
3661 4004 3852 4078 quae

954 4095 1394 4174 Venerabile
1449 4097 1859 4197 Capitulum
1916 4107 2059 4176 tam
2115 4100 2190 4174 in
2243 4101 2641 4195 communi,
2702 4123 2914 4198 quam
2965 4100 3042 4175 in
3095 4102 3519 4200 particulari
3571 4102 3854 4178 ratione

954 4228 1409 4314 acceptarum
1464 4219 1955 4298 fundationum
2012 4219 2550 4317 quomodolibet
2603 4222 2986 4316 obligatur.

1164 4337 1507 4414 Culturae
1560 4338 1918 4416 Villarum
1970 4340 2670 4418 Praestimonialium
2726 4350 2799 4417 et
2850 4343 3245 4420 Domorum
3297 4343 3850 4420 Canonicalium

954 4457 1275 4533 fabricae
1328 4461 1872 4536 conservandae
1926 4485 2186 4555 causa,
2244 4463 2664 4539 triennalem
2737 4487 2926 4538 nunc
2993 4464 3476 4540 intermissam
3545 4464 3850 4540 revisio-

955 4601 1116 4652 nem
1192 4601 1658 4675 revocamus,
1730 4583 2293 4682 praecipientes,
2367 4593 2443 4658 ut
2505 4585 3024 4682 quamprimum
3095 4585 3518 4682 expediatur
3597 4593 3674 4660 et
3722 4584 3844 4660 de-

952 4699 1209 4797 inceps
1264 4701 1707 4778 observetur.
1767 4702 2208 4781 Ordinamus
2261 4706 2576 4803 insuper,
2631 4713 2710 4779 ut
2761 4708 2898 4783 sub
2935 4729 3170 4804 poena
3217 4706 3644 4804 privationis
3688 4707 3843 4801 qui·

952 4820 1133 4896 libet
1186 4824 1585 4916 regentium
1640 4831 1783 4899 tam
1824 4827 2124 4921 Domus,
2165 4850 2380 4923 quam
2417 4826 2661 4903 Villae
2716 4851 2916 4920 suae,
2973 4830 3166 4904 circa
3211 4829 3516 4926 primam
3553 4851 3844 4926 posses·

956 4942 1233 5019 sionem
1301 4943 1376 5017 in
1432 4947 1841 5042 praesentia
1912 4947 1983 5024 N
1985 4949 2195 5023 otarii
2265 4949 2682 5047 capitularis
2747 4947 3232 5026 aedificiorum
3305 4957 3377 5024 et
3428 4950 3654 5026 totius
3721 4973 3842 5026 su·

954 5061 1345 5161 pellectilis
1394 5065 1880 5142 Inventarium
1936 5069 2290 5145 conficiat.

1161 5179 1588 5264 Fraternam
1639 5187 1984 5288 illamque
2037 5190 2253 5266 valde
2307 5191 2691 5268 salutarem
2747 5192 3264 5270 correctionem
3315 5191 3412 5268 ad
3455 5192 3846 5292 pristinum

958 5308 1283 5408 vigorem
1336 5308 1740 5387 instaurare
1794 5312 2163 5408 volentes,
2237 5335 2517 5390 annuos
2579 5337 2764 5413 quos
2813 5312 3253 5392 Venerabile
3308 5314 3723 5415 Capitulum
3771 5316 3846 5390 in
