4055 6364
2137 738 2694 823 -m-

963 949 1073 1015 riis
1120 950 1242 1016 duo
1271 950 1496 1036 grossi,
1546 950 1928 1018 ceroferariis
1974 951 2232 1019 cuilibet
2275 954 2402 1019 tres
2451 952 2708 1020 denarii.
2759 944 3076 1020 candelae
3105 953 3170 1019 et
3200 952 3513 1019 funeralia
3557 951 3845 1031 decentia,

965 1054 1265 1138 quantum
1312 1052 1653 1139 expedierit
1696 1056 1761 1121 et
1802 1054 2164 1141 Capitulum
2213 1055 2616 1138 consuluerit,
2667 1056 3217 1141 comparabuntur.

964 1258 1421 1329 Praeterea
1462 1262 1935 1347 praemissa
1982 1266 2262 1333 omnia
2307 1267 2389 1333 et
2433 1265 2800 1351 singula.
2849 1264 3035 1350 (Stat.
3081 1264 3334 1345 XLIV).

1168 1364 1415 1433 Statuta
1460 1384 1649 1453 super
1690 1368 2130 1437 anniversariis
2174 1371 2443 1453 possunt
2493 1371 2560 1436 in
2597 1370 2919 1437 meliorem
2958 1369 3380 1436 conditionem
3415 1369 3654 1448 reduci,
3693 1386 3852 1433 anne

962 1472 1202 1641 {li-:3833
1266 1472 1331 1537 et
1390 1466 1557 1538 villis
1620 1472 2236 1555 praestimonialibus
2303 1475 2706 1557 proventibus
2749 1476 2815 1541 et
2859 1475 3001 1540 aliis
3045 1473 3420 1539 necessariis
3467 1472 3856 1539 manentibus

963 1782 1069 1851 Ut
1112 1780 1373 1851 maior
1417 1784 1891 1872 diligentia
1936 1788 2018 1853 et
2063 1787 2439 1853 devotio.
2491 1786 2677 1873 (Stat.
2729 1786 2948 1871 XLV).

1172 1884 1449 1970 Quilibet
1490 1888 1847 1955 canonicus
1899 1890 2156 1957 veniens
2213 1890 2292 1955 ad
2337 1890 2865 1969 anniversarium,
2929 1890 2983 1955 si
3027 1890 3093 1955 in
3139 1889 3347 1955 stallis
3392 1888 3559 1954 infra
3603 1884 3860 1974 vigilias

966 2006 1089 2058 non
1136 1989 1403 2069 steterit,
1449 1994 1747 2077 puniatur
1788 1994 1853 2060 in
1898 2009 2023 2059 uno
2071 2010 2314 2078 grosso.
2393 1992 2693 2060 Similiter
2739 1996 2793 2059 si
2837 1994 2998 2061 infra
3035 1994 3300 2061 Missam
3345 1992 3744 2060 anniversarii
3787 1992 3852 2055 in

966 2094 1171 2163 stallis
1218 2114 1341 2163 non
1387 2098 1554 2177 stat,
1622 2098 1921 2181 puniatur
1964 2098 2027 2161 in
2075 2097 2274 2163 altero
2321 2114 2562 2181 grosso,
2629 2097 2747 2163 nisi
2794 2099 3112 2182 propriam
3167 2097 3430 2164 Missam
3475 2099 3626 2162 tunc
3665 2096 3852 2179 legat.

966 2304 1581 2372 Celebratiene
1641 2306 2156 2371 occurrente
2220 2304 2840 2371 anniversarii.
2901 2304 3088 2389 (Stat.
3139 2303 3364 2389 XLV).

1170 2406 1433 2473 Missam
1480 2406 1885 2475 anniversarii
1930 2410 2178 2475 tenetur
2215 2409 2467 2474 cantare
2505 2405 2856 2475 eanonicus
2892 2408 3444 2487 hebdomadarius,
3489 2407 3685 2473 Missa
3714 2424 3857 2471 vero

966 2512 1225 2580 Summa
1271 2513 1687 2581 celebrabitur
1731 2533 1841 2598 per
1876 2515 2200 2582 vicarium.

968 2721 1376 2803 Quoniam
1428 2724 1673 2790 novis
1720 2723 2039 2790 morbis.
2091 2722 2276 2809 (Stat.
2329 2722 2580 2805 XLV1).

1180 2824 1546 2893 Obtinentes
1610 2826 1791 2894 villas
1852 2826 1951 2894 vel
1998 2827 2272 2894 decimas
2339 2826 2717 2909 capitulares
2782 2830 2843 2892 in
2894 2825 3318 2910 provisionem
3381 2826 3480 2893 vel
3549 2824 3856 2903 urendam,

968 2948 1091 2995 non
1135 2930 1404 3014 possunt
1444 2930 1611 3010 illas,
1661 2930 1727 2995 in
1772 2932 1906 2997 toto
1950 2931 2052 2996 vel
2097 2932 2159 2995 in
2207 2936 2407 3014 parte,
2459 2931 2744 3014 personis
2792 2930 3238 2997 ecclesiasticis
3295 2931 3396 2997 vel
3443 2930 3860 2996 saecularibus

967 3032 1262 3117 obligare,
1316 3034 1607 3114 alienare,
1642 3032 1961 3100 infeudare
2008 3034 2109 3100 vel
2146 3035 2464 3101 arendare.
2509 3036 2699 3102 Secus
2737 3034 3041 3102 facientes
3089 3053 3161 3100 eo
3199 3033 3340 3118 ipso
3377 3035 3614 3101 cadunt
3649 3052 3684 3097 a
3711 3052 3856 3117 pro-

966 3137 1203 3204 visione
1251 3140 1315 3203 et
1356 3137 1665 3204 inhabiles
1730 3140 1877 3204 sunt
1924 3156 2036 3222 per
2081 3138 2445 3205 decennium
2495 3138 2572 3205 ad
2621 3138 2904 3205 habitam
2953 3138 3020 3203 et
3059 3139 3438 3206 habendam.
3535 3138 3599 3204 Si
3643 3140 3846 3204 tamen

968 3261 1158 3307 causa
1201 3243 1589 3308 rationabilis
1630 3243 1931 3326 exposcit,
1972 3243 2203 3326 poterit
2246 3243 2386 3325 quis
2424 3244 2503 3308 ad
2552 3243 2736 3308 breve
2756 3244 3027 3324 tempus,
3081 3260 3391 3309 consensu
3438 3241 3709 3326 Capituli
3745 3243 3850 3306 aut

968 3347 1437 3428 procuratorum
1502 3345 1656 3424 eius,
1726 3349 1789 3410 et
1834 3365 1957 3410 non
2025 3345 2226 3425 aliter,
2290 3347 2568 3424 obtento,
2638 3347 3056 3428 provisionem
3103 3343 3298 3428 {suam
3345 3347 3526 3412 fratri
3574 3345 3862 3411 duntaxat

969 3450 1043 3515 de
1091 3449 1380 3534 capitulo
1428 3451 1749 3515 arendare.
1798 3450 2001 3515 Aliter
2045 3450 2283 3516 faciens
2321 3451 2615 3534 puniatur
2651 3450 3028 3534 provisione,
3077 3451 3396 3534 obligatur
3430 3451 3688 3534 insuper
3723 3451 3861 3534 qui-

965 3552 1123 3618 libet
1166 3570 1317 3618 suae
1362 3553 1734 3637 provisionis
1773 3553 2122 3620 evidentem
2162 3554 2364 3619 facere
2401 3554 2931 3632 reformationem,
2984 3573 3096 3619 nec
3131 3555 3308 3638 prius
3355 3555 3437 3620 ad
3471 3555 3856 3639 pinguiorem

970 3657 1309 3740 optandam
1374 3655 1819 3735 admittendus,
1890 3656 2088 3723 donec
2151 3659 2418 3741 primam
2467 3657 2796 3724 manifeste
2845 3657 3202 3725 constiterit
3244 3657 3310 3722 in
3355 3657 3624 3742 singulis
3673 3657 3750 3724 ab
3795 3674 3862 3724 eo

970 3760 1393 3826 reformatam.
1460 3760 1548 3827 Ut
1592 3759 1866 3827 Praelati
1915 3763 1977 3827 et
2021 3758 2318 3827 Canonici
2369 3759 2813 3828 cracovienses
2880 3763 2959 3827 ad
3006 3761 3514 3827 reformationem
3578 3763 3858 3828 villarum

969 3863 1573 3948 praestimonialium
1621 3865 1873 3930 uberius
1918 3863 2271 3943 intendant,
2322 3865 2399 3930 de
2445 3884 2636 3931 censu
2683 3865 2986 3930 duntaxat
3031 3867 3378 3944 laneorum,
3429 3865 3562 3933 sive
3608 3885 3858 3951 posses·

972 3975 1202 4048 sorum,
1273 3969 1407 4034 sine
1456 3970 1865 4048 desertorum,
1930 3967 2222 4052 Capitulo
2269 3969 2512 4052 integre
2557 3970 3000 4053 respondeant,
3047 3969 3305 4054 praedia
3349 3971 3412 4034 et
3457 3986 3690 4034 census
3731 3987 3860 4034 mo·

971 4071 1386 4151 lendinorum,
1434 4073 1837 4139 tabernarum
1885 4073 1949 4138 et
1991 4074 2340 4152 hortorum,
2391 4076 2454 4139 et
2499 4073 2926 4158 quarumlibet
2968 4069 3318 4139 utilitatum
3363 4071 3486 4138 sibi
3531 4073 3856 4138 ratineant.

970 4174 1062 4243 Ex
1105 4175 1270 4242 villis
1316 4193 1483 4254 vero,
1531 4194 1689 4259 quae
1736 4179 1947 4242 carent
1990 4179 2289 4261 praediis,
2341 4178 2744 4244 medietatem
2792 4195 3016 4243 census
3067 4177 3132 4242 in
3181 4195 3510 4243 commune
3574 4176 3860 4252 inferant,

974 4281 1375 4347 medietatem
1440 4280 1560 4346 sibi
1607 4283 1875 4347 servent.
1925 4282 1993 4348 Si
2037 4281 2178 4365 quis
2221 4300 2368 4348 vero
2418 4282 2482 4346 in
2527 4281 2922 4348 reformanda
2965 4276 3115 4347 villa
3163 4279 3374 4365 segnis
3417 4281 3614 4346 fucrit
3660 4281 3731 4348 et
3771 4299 3862 4346 re·

972 4384 1205 4451 missus
1252 4404 1326 4450 ex
1377 4383 1797 4451 declaratione
1842 4387 2237 4452 visitatorum
2284 4387 2590 4471 repertus,
2643 4387 2697 4450 si
2742 4385 2906 4451 infra
2949 4386 3200 4469 tempus
3247 4386 3368 4453 sibi
3414 4384 3862 4470 designandum

970 4489 1501 4568 reformationem,
1550 4509 1661 4573 per
1708 4488 2064 4572 Capitulum
2132 4489 2475 4555 districtius
2540 4489 3024 4572 iniungendam,
3095 4508 3222 4555 non
3267 4490 3666 4572 impleverit,
3725 4507 3862 4574 pos·

974 4593 1171 4660 sessio
1216 4592 1403 4658 villae
1450 4589 1637 4659 debet
1682 4593 1802 4658 sibi
1848 4591 2075 4659 auferri
2123 4597 2184 4659 et
2228 4593 2412 4659 alteri
2452 4593 2634 4660 tradi.

974 4799 1156 4865 Iuri
1204 4801 1284 4864 et
1329 4799 1734 4884 antiquae
1782 4801 2431 4868 consuetudini.
2486 4801 2793 4886 (XLVII).

1180 4903 1445 4969 Duobus
1490 4904 1591 4969 vel
1636 4901 1921 4987 pluribus
1974 4904 2368 4990 litigantibus
2415 4925 2602 4988 super
2639 4905 2993 4989 praelatura
3027 4904 3128 4970 vel
3167 4905 3525 4986 praebenda
3547 4902 3864 4972 Ecclesiae

976 5005 1426 5087 Gracoviensis,
1480 5007 1689 5074 nullus
1737 5027 1953 5074 eorum
2006 5008 2087 5074 ad
2133 5009 2610 5074 reformationes
2657 5011 2722 5075 et
2767 5008 3126 5093 Capitulum
3173 5008 3360 5077 debet
3403 5009 3680 5075 admitti.
3747 5007 3868 5074 Nec

974 5129 1305 5194 processus
1350 5129 1463 5194 per
1506 5111 1889 5195 Episcopum
1936 5112 2046 5178 aut
2093 5111 2483 5196 Capitulares
2528 5114 2714 5179 alicui
2759 5113 2824 5177 in
2863 5113 3254 5196 suffrag-ium,
3315 5113 3506 5180 etiam
3555 5113 3610 5178 si
3655 5114 3864 5180 tenea·

974 5217 1077 5280 tur
1120 5233 1231 5297 pro
1276 5227 1664 5296 possessore,
1716 5216 1948 5283 debent
1992 5216 2166 5291 dari,
2235 5217 2355 5282 nisi
2402 5217 2562 5284 forte
2606 5218 2668 5282 in
2719 5217 3020 5282 beneficio
3065 5217 3230 5281 foret
3273 5236 3383 5300 per
3429 5233 3666 5282 annum
3715 5217 3867 5282 inte-

975 5333 1157 5404 grum
1202 5317 1521 5402 pacificus.
1588 5319 1725 5386 Tali
1792 5321 1959 5388 enim
2004 5338 2134 5386 non
2179 5322 2410 5386 debent
2455 5322 2666 5405 negari
2712 5339 3070 5403 processus,
3141 5321 3262 5386 nisi
3307 5340 3496 5403 super
3543 5321 3756 5404 spolio
3801 5322 3868 5385 ab
