4055 6364
1373 719 1893 797 —45—

175 931 504 1032 Capituli
556 957 688 1030 per
737 955 1026 1008 cessum
1096 932 1218 1007 vel
1283 931 1660 1008 decessum
1732 953 1998 1006 vacare
2072 930 2495 1025 contigerit,
2570 939 2831 1006 extunc
2884 936 3083 1004 aute-

173 1079 394 1152 quam
449 1055 670 1131 alicui
725 1054 814 1129 de
867 1053 1253 1129 Fratribus
1308 1054 1722 1148 assignetur
1773 1050 1870 1127 ad
1905 1060 2176 1134 certam
2228 1060 2467 1158 taxam
2524 1055 2681 1127 sive
2736 1075 3084 1128 summam

178 1175 534 1276 Capitnlo
567 1174 903 1268 dandam,
943 1175 1198 1250 domus
1235 1175 1486 1250 eadem
1525 1176 1740 1250 debet
1773 1174 2141 1250 aestimari
2178 1183 2251 1248 et
2284 1176 2537 1270 taxari,
2594 1199 2804 1272 quam
2844 1182 3084 1249 taxam

178 1299 572 1375 Praelatus
624 1299 745 1373 vel
797 1296 1247 1392 Canonicus,
1320 1298 1608 1374 domum
1662 1297 1962 1372 eandem
2016 1297 2345 1373 incolens
2414 1298 2853 1396 temporibus
2924 1295 3083 1372 Sta-

173 1422 354 1496 tutis
407 1419 1010 1497 Procuratoribus
1064 1418 1406 1518 Capituli,
1461 1428 1587 1495 aut
1638 1419 1849 1494 alteri
1902 1417 1995 1493 ad
2050 1420 2191 1495 hoc
2245 1417 2609 1517 deputato,
2664 1420 2797 1495 sub
2852 1443 3085 1519 poena

173 1543 614 1641 privationis
684 1542 1005 1618 eiusdem
1080 1542 1335 1617 domus
1405 1542 1762 1618 tenebitur
1824 1565 1917 1616 ex
1967 1541 2252 1636 integro
2324 1542 2761 1638 persolvere.
2853 1537 3087 1640 Super

173 1689 325 1762 qno
381 1674 712 1742 tenentur
764 1664 938 1740 dare
994 1689 1086 1740 ex
1137 1663 1477 1763 Capitulo
1529 1662 2018 1752 fideiussores,
2094 1662 2291 1736 nulla
2342 1663 2803 1739 excusatione
2866 1662 3081 1738 adve-

171 1789 426 1863 niente
479 1788 863 1864 solutionis
915 1796 1238 1884 tempore
1290 1808 1573 1862 usuros.
1668 1784 1876 1875 Quae
1932 1784 2219 1881 quidem
2271 1786 2581 1883 pecunia
2643 1787 2959 1861 totaliter
3010 1787 3085 1860 in

171 1908 706 1986 Anniversaria
753 1909 957 1984 iuxta
1021 1909 1324 1984 formam
1379 1917 1452 1983 et
1506 1906 2052 2006 dispositionem
2125 1907 2775 1983 anniversariorum
2827 1908 2901 1982 in
2956 1930 3083 2006 po-

173 2037 454 2106 sterum
509 2030 814 2107 dandam
872 2037 1350 2106 convertatur.

1519 2427 1753 2532 LIX.

358 2658 464 2739 ne
519 2675 662 2742 non
718 2654 1186 2738 conferenda
1242 2654 1453 2740 domo
1509 2656 1646 2739 aut
1698 2657 1873 2739 villa
1924 2657 2045 2759 qui
2100 2676 2240 2739 non
2297 2657 2612 2743 solverit
2663 2658 2915 2740 taxam

993 2781 1000 2787 ’
1333 2778 1605 2880 prioris
1661 2777 1944 2864 domus.

395 3007 661 3081 Nullus
720 3005 1220 3082 Praelatorum
1273 3008 1394 3082 vel
1448 3007 1976 3085 Canonicorum
2032 3010 2347 3107 aliquam
2402 3010 2726 3103 domum,
2782 3009 2903 3084 vel
2954 3011 3086 3085 vil-

172 3130 332 3205 lam
384 3137 510 3205 aut
564 3129 778 3205 etiam
851 3153 1348 3229 quamcunque
1404 3155 1549 3207 rem
1605 3132 1863 3226 aliam,
1936 3141 2185 3231 petere
2238 3132 2481 3207 valeat
2547 3141 2620 3208 et
2681 3141 3091 3232 praesumat

176 3277 229 3328 a
281 3252 662 3351 capitulo,
735 3254 877 3329 nisi
929 3254 1130 3352 prius
1184 3262 1424 3335 taxam
1479 3255 1734 3331 domus
1789 3256 2094 3354 prioris,
2147 3278 2283 3354 per
2333 3256 2570 3354 ipsum
2642 3263 2881 3332 tentae
2933 3256 3087 3354 ple-

177 3376 390 3451 narie
443 3376 797 3471 exsolvat,
853 3376 1189 3473 quoniam
1236 3376 1312 3451 in
1351 3400 1484 3453 sua
1537 3377 1882 3475 petitione
1938 3377 2228 3453 minime
2280 3377 2523 3453 veniet
2574 3376 3086 3453 exaudiendus.

1545 3776 1738 3880 LX.

175 4005 299 4087 ne
373 4001 742 4085 locatione
817 4002 1403 4087 Patrisfamilias
1471 4002 1540 4085 in
1607 4002 1902 4105 lapidea
1964 4002 2063 4085 ad
2131 4003 2695 4088 custodiendam
2774 4004 3085 4087 eandem

849 4127 934 4207 et
986 4123 1444 4228 numantiam
1499 4124 1829 4226 plateam
1888 4124 2431 4209 canonicalem.

68 4446 83 4462 ι
403 4357 796 4431 Domorum
834 4352 1354 4454 capitularium
1394 4354 1874 4430 conditionem
1911 4355 2279 4430 meliorem
2328 4355 2651 4430 effecturi
2688 4356 3089 4447 statuimus,

186 4476 390 4577 quod
470 4476 1034 4575 quotiescunque
1114 4478 1381 4576 aliquis
1457 4476 1792 4552 Fratrum
1864 4501 1911 4552 a
1981 4477 2195 4553 domo
2265 4478 2409 4554 sibi
2478 4500 2611 4577 per
2680 4476 3089 4576 Capitulum
3216 4524 3225 4536 -

187 4600 366 4676 data
418 4600 688 4675 absens
737 4599 994 4695 fuerit,
1049 4623 1142 4674 ne
1194 4600 1524 4676 absentia
1577 4622 1710 4675 sua
1763 4598 2018 4676 domus
2073 4600 2695 4677 deteriorationem
2750 4622 3091 4698 procura-

185 4731 322 4817 ret,
383 4721 556 4797 talis
597 4721 672 4796 in
708 4720 922 4797 domo
977 4746 1112 4799 sua
1163 4730 1436 4798 certum
1488 4721 1847 4798 hominem
1900 4729 2145 4819 ponat,
2203 4722 2324 4819 qui
2361 4722 2701 4820 purgabit
2752 4722 3089 4820 plateam,

189 4854 266 4920 et
317 4843 562 4921 efferri
637 4844 1050 4941 procurabit
1117 4852 1592 4943 purgamenta
1661 4846 1947 4943 plateae
1969 4902 1986 4937 ‚
2061 4868 2247 4942 quae
2301 4844 2589 4921 domum
2658 4844 2859 4919 illam
2924 4866 3090 4919 con-

186 4966 510 5065 tingent,
573 4966 786 5041 toties
857 4966 1186 5063 quotiens
1257 4991 1441 5065 opus
1499 4968 1752 5062 fuerit,
1827 4968 2014 5042 ultra
2075 4965 2215 5042 hoc
2268 4967 2488 5044 alicui
2542 4990 2634 5042 ex
2684 4965 3089 5061 Fratribus,

191 5092 402 5167 cuius
471 5087 724 5164 favore
775 5087 1046 5165 habere
1096 5096 1387 5188 posset,
1470 5090 1704 5186 ipsam
1777 5064 2064 5165 domum
2136 5090 2726 5165 recommittendo
2798 5097 3094 5187 propter

189 5212 333 5288 hoc
385 5220 468 5288 ut
519 5209 586 5285 si
637 5211 880 5308 aliqua
933 5234 1247 5309 persona
1317 5210 1476 5287 sive
1530 5211 1928 5310 spiritualis
1998 5212 2156 5287 sive
2218 5211 2614 5287 saecularis
2682 5209 3092 5285 huiusmodi

191 5334 454 5411 domus
523 5332 646 5408 vel
699 5356 857 5408 eam
909 5332 1378 5429 inhabitanti,
1452 5333 1768 5431 aliquam
1821 5332 2046 5408 vellet
2112 5333 2355 5409 facere
2414 5331 2876 5427 violentiam,
2936 5332 3090 5407 -ille
