4055 6364
2054 747 2171 770 ...,
2266 700 2379 788 2st
2470 747 2595 767 -,

870 909 1190 986 Decreta
1213 968 1231 1005 ,
1287 908 1857 988 Constitutiones
1911 918 1984 986 et
2036 911 2585 1018 observationes
2636 909 3020 988 Ecclesiae
3074 909 3589 988 cracoviensis
3638 937 3772 1011 per

865 1040 1368 1108 antecessores
1419 1055 1660 1126 meos,
1715 1032 2129 1133 Episcopos
2181 1032 2733 1130 cracovienses,
2792 1033 3102 1127 condita,
3158 1042 3234 1109 et
3283 1059 3417 1133 per
3468 1059 3584 1110 me
3636 1059 3770 1134 pro

867 1155 1353 1232 stabilimento
1423 1163 1496 1231 et
1549 1153 1812 1232 decore
1881 1153 2265 1232 Ecclesiae
2334 1156 2707 1254 praefatae
2780 1153 3156 1230 condenda
3178 1213 3196 1250 ,
3272 1137 3349 1231 et
3398 1157 3772 1251 signanter

867 1273 1221 1353 Statutum
1258 1277 1350 1352 dc
1387 1275 1670 1353 Castris
1705 1275 2089 1352 Ecclesiae
2125 1275 2639 1353 cracoviensis
2692 1278 2961 1352 nullius
2997 1277 3297 1353 alterius
3338 1279 3493 1352 nisi
3546 1279 3767 1354 Prae-

866 1399 997 1474 lati
1049 1407 1122 1474 et
1175 1397 1527 1475 canonici
1600 1397 2114 1475 cracoviensis
2174 1399 2512 1494 regimini
2565 1407 2637 1474 et
2686 1400 3193 1494 gubernationi
3246 1423 3393 1476 non
3426 1404 3769 1496 commit-

870 1519 1151 1615 tendis,
1223 1519 1668 1615 observabo,
1743 1521 2223 1598 manutenebo
2278 1528 2353 1596 et
2410 1521 2813 1596 defendam.
2903 1519 3004 1594 Et
3056 1523 3297 1597 omnia
3366 1523 3463 1597 ab
3520 1522 3769 1596 eadem

865 1641 1205 1718 Ecclesia
1255 1644 1506 1719 illicite
1575 1645 1889 1720 alienata
1911 1703 1930 1740 ,
2006 1650 2360 1742 occupata
2414 1651 2485 1718 et
2538 1642 2886 1718 distracta
2952 1643 3155 1718 iuxta
3226 1667 3449 1742 posse
3512 1667 3767 1736 meum,

864 1765 1226 1841 revocabo
1279 1773 1352 1841 et
1403 1767 1806 1864 praesentis
1858 1765 1910 1843 J
1913 1767 2263 1842 uramenti
2316 1765 2829 1840 relaxationem
2886 1788 3118 1862 neque
3162 1789 3205 1839 a
3242 1789 3527 1842 summo
3585 1765 3768 1840 Pon-⁵

865 1886 1096 1981 tifice,
1168 1910 1400 1984 neque
1454 1912 1501 1962 a
1550 1888 1880 1985 generali
1933 1887 2301 1980 Concilio,
2358 1910 2591 1985 neque
2644 1890 2737 1963 ab
2793 1889 2901 1962 eis
2953 1888 3371 1963 facultatem
3426 1889 3761 1964 habenti-

865 2011 1038 2104 bus,
1078 1995 1480 2108 impetrabo
1535 2018 1608 2084 et
1648 2011 2033 2108 impetrata
2086 2017 2209 2084 aut
2259 2017 2453 2084 motu
2510 2009 2805 2107 proprio
2858 2009 3145 2102 collata,
3200 2033 3347 2084 non
3402 2019 3591 2086 utar.
3649 2007 3771 2084 Sic

865 2141 978 2206 me
1031 2133 1238 2209 Deus
1288 2133 1582 2208 adiuvet
1632 2139 1706 2208 et
1754 2133 1940 2207 haec
1993 2143 2247 2208 sancta
2298 2132 2445 2206 Dei
2496 2131 2927 2228 Evangelia.

2146 2395 2489 2562 ΧΧΙΧ.

867 2601 1270 2762 &statutum
1305 2668 1398 2752 de
1448 2641 1682 2752 aureo
1737 2667 1986 2752 calice
2043 2688 2180 2771 per
2232 2668 2635 2772 quemlihet
2690 2668 3129 2772 Episcopum
3185 2668 3765 2753 cracoviensem

1035 2824 1040 2828 ·
1085 2790 1468 2909 solvendp
1524 2792 1610 2875 et
1646 2790 1937 2891 dando,
1995 2791 2361 2890 conditum
2420 2811 2557 2892 per
2608 2790 3003 2892 sbigneum
3059 2790 3521 2874 cardinalem

1697 2916 1783 2997 et
1836 2915 2274 3017 Episcopum
2332 2913 2935 2998 cracoviensem.

889 3085 904 3132 t
1035 3119 1438 3220 'Sbigneus
1487 3123 1943 3202 miseratione
1995 3125 2268 3201 Divina
2315 3125 2513 3201 tituli·
2539 3122 2847 3201 Sanctae
2898 3124 3194 3200 Priscae
3250 3121 3560 3201 Sanctae
3612 3111 3760 3199 Ro-

866 3232 1139 3321 manae
1171 3246 1553 3322 Ecclesiae
1586 3249 1972 3347 presbyter
2026 3246 2438 3323 cardinalis
2477 3256 2547 3323 et
2582 3248 2993 3346 Episcopus
3047 3245 3580 3323 Oraoovieusis.
3637 3246 3755 3321 Ad

867 3378 1294 3496 perpetuam
1338 3370 1446 3445 rei
1499 3368 1936 3447 memoriam.
2003 3369 2307 3446 Gloriae
2362 3370 2697 3467 perennis
2754 3370 3084 3463 obtentu,
3158 3376 3300 3443 tam
3353 3370 3430 3447 in
3484 3377 3753 3460 nostra,
3773 3440 3781 3447 .

868 3489 1080 3588 quam
1137 3488 1649 3568 Successorum
1689 3502 2094 3569 nostrorum
2145 3466 2523 3567 affectione
2556 3490 2634 3566 id
2671 3490 2935 3566 debeat
2985 3491 3237 3566 haberi
3271 3492 3761 3590 praecipuum,

866 3606 946 3688 tit
967 3610 1506 3690 cracoviensis
1557 3614 1917 3709 Ecclesia,
1977 3638 2133 3689 cum
2193 3638 2333 3711 qua
2378 3614 2639 3689 foedus
2693 3610 3092 3711 spiritualis
3146 3614 3465 3709 coniugii
3518 3638 3762 3689 susce-

867 3724 1124 3857 pimus,
1179 3759 1312 3860 per
1345 3760 1603 3813 munus
1639 3735 1882 3811 dotale
1937 3735 2189 3835 sponsi
2244 3736 2356 3809 sui
2403 3734 2803 3830 gratuletur
2856 3736 2996 3810 sibi
3051 3736 3478 3833 provenisse
3530 3737 3761 3811 incre-

865 3842 1216 3955 mentum,
1291 3846 1370 3932 ut
1422 3860 1778 3934 connubio
1832 3867 2151 3951 terreno,
2223 3858 2297 3931 in
2364 3879 2505 3954 quo
2561 3856 2905 3931 dotalium
2960 3880 3328 3933 munerum
3370 3858 3764 3933 intervenit

863 3972 1189 4077 largitio,
1261 3981 1674 4056 inferiorem
1731 4004 1812 4055 se
1866 4004 2006 4055 non
2064 3982 2420 4078 suspiret3
2496 3986 2567 4053 et
2620 4002 2779 4055 cum
2854 3979 3183 4074 singulae
3260 4003 3619 4076 personae
3668 3979 3775 4053 a'd'

866 4084 1237 4202 praefatae
1274 4100 1673 4178 Ecclesiae
1729 4101 2242 4177 cracoviensis
2296 4100 2685 4196 dignitates
2739 4110 2863 4174 aut
2915 4101 3367 4198 praebendas
3413 4110 3777 4198 promote,¹

865 4227 1272 4321 ingressum
1338 4248 1541 4300 suum
1599 4223 1897 4323 cappae
1969 4224 2288 4299 choralis
2358 4223 2741 4318 largitione
2815 4216 3325 4317 cohonestent,
3398 4224 3641 4299 fedum
3694 4229 3777 4297 et

867 4356 1076 4445 turpe
1127 4347 1342 4421 nimis
1395 4355 1509 4422 est
1561 4369 1913 4444 personas
1965 4346 2363 4444 pontificali
2418 4346 2724 4420 culmine
2780 4346 3066 4420 inclitas
3088 4401 3107 4439 ,
3166 4353 3237 4419 et
3286 4346 3361 4419 in
3415 4346 3767 4450 regimine¹

866 4470 1234 4567 praefatae
1287 4468 1677 4543 Ecclesiae
1733 4467 2244 4553 cracoviensis
2297 4467 2703 4564 perductas,
2760 4464 2959 4540 nullo
2993 4466 3355 4563 largitatis
3410 4466 3762 4542 beneficio

868 4589 1215 4686 obligari,
1292 4590 1367 4664 in
1423 4590 1683 4687 quibus
1754 4592 2003 4685 vigere
2077 4589 2339 4664 debeat
2377 4590 2715 4688 'amplior
2786 4590 3214 4664 excellentia
3281 4589 3761 4679 liberalitatis,

868 4734 1076 4808 quam
1132 4711 1283 4786 illis
1333 4714 1774 4789 terrenarum
1830 4736 2045 4810 opum
2097 4712 2429 4786 introitus
2485 4711 3044 4797 subministrant.
3130 4710 3386 4808 Itaque
3438 4708 3764 4786 Venera-

866 4832 1115 4909 bilium
1187 4833 1522 4909 Fratrum
1594 4845 2000 4910 nostrorum
2065 4834 2561 4909 Praelatorum
2618 4844 2690 4907 et
2742 4833 3269 4908 canonicorum
3325 4832 3764 4909 Cracovien·

867 4939 1078 5047 siu'm,
1129 4954 1647 5031 deliberatione
1701 4957 2092 5030 accedente
2150 4964 2219 5031 et
2270 4978 2631 5032 consensu
2679 4964 3097 5055 perpetuum
3156 4964 3229 5031 et
3278 4954 3767 5052 irrefragibile

865 5060 1382 5175 provulgamus
1436 5075 1822 5171 decretum,
1878 5086 1956 5153 ut
2008 5078 2309 5174 quilibet
2349 5078 2423 5151 in
2460 5077 2905 5175 Episcopum
2961 5076 3517 5153 cracoviensem
3572 5076 3763 5153 elec-

863 5207 1002 5294 tus,
1058 5184 1487 5297 postulatus,
1544 5188 1664 5276 vel
1701 5200 2239 5296 quomodolibet
2290 5210 2725 5298 assumptus,
2782 5201 2902 5276 vel
2956 5198 3347 5293 ordinatus,
3398 5224 3442 5274 a
3478 5200 3596 5275 die
3632 5223 3767 5299 pa-

863 5321 1136 5397 cificae·
1155 5304 1665 5420 'poss'essionis
1713 5323 1904 5398 infra
1955 5323 2167 5397 unius
2205 5324 2375 5397 anni
2411 5321 2813 5416 decursum,
2854 5320 3192 5398 ‘calicem
3244 5316 3560 5415 aureum,
3602 5322 3762 5396 -non
