4055 6364
1368 757 1938 834 -173—

201 966 773 1042 Reverendorum
811 966 1307 1061 Dominorum,
1363 974 1511 1040 tum
1549 967 1716 1042 aliis
1753 967 1971 1042 certis
2008 967 2100 1040 de
2138 965 2382 1041 causis
2420 967 2663 1061 cessit,
2715 963 2882 1040 ideo
2920 964 3102 1038 citra

200 1099 430 1165 tamen
497 1087 1038 1184 derogationem
1101 1090 1508 1186 praesentis
1563 1090 1898 1183 Decreti‚
1974 1086 2279 1165 eundem
2332 1089 2722 1164 Dominum
2772 1084 3099 1162 Admini-

203 1219 569 1286 stratorem
623 1211 1044 1287 modernum
1096 1212 1171 1285 in
1224 1212 1389 1287 loco
1443 1212 1786 1310 primario
1841 1219 1914 1286 et
1959 1210 2411 1287 eminentiori
2460 1235 2594 1309 per
2646 1217 2871 1285 totum
2923 1215 3099 1283 tem-

201 1359 330 1432 pus
397 1334 595 1409 illius
666 1333 1337 1409 Administrationis
1407 1332 1954 1430 relinquendum
2031 1332 2385 1409 duxerunt
2451 1341 2523 1408 et
2584 1333 3099 1429 relinquerunt,

201 1457 272 1530 in
307 1463 674 1554 posterum
712 1465 946 1531 autem
984 1457 1124 1531 hoc
1160 1458 1549 1532 Decretum
1593 1456 1684 1531 ad
1725 1480 1885 1532 eum
1923 1457 2253 1531 effectum
2301 1455 2853 1553 promulgatum,
2910 1452 3099 1550 quod

201 1601 335 1654 non
372 1577 954 1670 Administrator‚
1015 1577 1146 1654 sed
1181 1578 1584 1673 Praelatus,
1637 1587 1762 1656 aut
1803 1579 1879 1653 in
1927 1579 2260 1654 absentia
2295 1578 2791 1653 Praelatorum
2845 1573 3105 1651 Senior

202 1698 611 1774 Canonicus
682 1697 873 1775 Sede
927 1709 1230 1776 vacante
1285 1702 1358 1775 in
1415 1700 1755 1800 Capitulo
1811 1701 2293 1799 praesidebit,
2366 1700 2883 1775 inviolabiliter
2952 1721 3102 1773 ser-

199 1823 351 1897 vari
395 1823 875 1898 decreverunt
908 1831 982 1898 et
1017 1825 1418 1920 voluerunt,
1476 1823 1666 1900 Actu
1704 1826 2108 1922 praesentis
2159 1823 2527 1918 generalis
2582 1821 2903 1922 Capituli
2954 1845 3101 1896 me·

200 1943 458 2022 diante.

1470 2153 1842 2255 CCVIII.

201 2361 642 2444 Miner-arum
691 2363 777 2444 et
822 2362 1285 2444 metallorum
1341 2360 1543 2445 Sede
1599 2363 1929 2444 vacante
1988 2363 2372 2446 erutorum
2428 2360 2842 2464 dispositio.
2897 2361 3106 2443 Anno

1097 2484 1306 2568 1607.
1363 2485 1491 2567 Die
1546 2484 1862 2569 Veneris
1917 2486 1968 2567 ΙΙ
2026 2485 2213 2567 maii.

410 2693 592 2770 Cum
649 2696 1030 2795 dispositio
1088 2697 1178 2772 de
1231 2697 1537 2773 Mineris
1591 2694 1780 2773 Sede
1835 2705 2141 2773 vacante
2196 2696 2457 2789 erutis,
2514 2701 2561 2772 a
2613 2696 2732 2770 die
2786 2695 3104 2770 vacatio-

201 2818 316 2892 nis
369 2817 905 2917 Episcopatus,
969 2843 1198 2916 usquc
1253 2821 1344 2894 ad
1401 2819 1588 2895 diem
1643 2821 2055 2918 publicatae
2108 2821 2181 2894 in
2238 2817 2573 2916 Capitulo
2629 2818 3107 2894 confirmatio·

199 2941 312 3015 nis
367 2964 500 3039 per
539 2938 796 3024 Sedem
835 2940 1334 3039 Apostolicam
1387 2943 1559 3017 novi
1613 2942 1986 3041 Episcopi,
2040 2965 2131 3032 ex
2167 2941 2636 3017 concessione
2689 2943 2924 3016 bonae
2959 2963 3108 3014 me-

199 3063 474 3138 moriae
529 3061 940 3139 Cardinalis
993 3064 1356 3138 Radziwil
1407 3064 1760 3164 Episcopi
1813 3064 2327 3141 Cracoviensis
2372 3065 2551 3140 etin
2590 3063 3110 3162 approbatione

201 3182 419 3261 Sedis
453 3182 926 3284 Apostolicae
964 3188 1181 3284 pleno
1217 3189 1372 3263 iure
1408 3187 1502 3263 ad
1541 3188 1981 3265 Venerabile
2019 3188 2429 3288 Capitulum
2466 3189 2862 3287 pertineat3
2915 3210 3107 3262 cum-

202 3331 341 3405 que
401 3308 755 3384 eiusmodi
806 3310 1131 3385 Minerae
1187 3311 1499 3406 argenti,
1555 3312 1781 3403 aeris,
1840 3312 2157 3409 plumbi,
2213 3335 2347 3388 nec
2400 3334 2545 3386 non
2598 3311 2901 3386 aliorum
2960 3333 3109 3384 me·

200 3432 544 3506 tallorum
587 3439 730 3505 tam
777 3432 850 3504 in
900 3432 1237 3528 antiquis,
1284 3456 1495 3529 quam
1541 3434 1616 3507 in
1663 3436 1873 3511 novis
1916 3435 2287 3511 Montibus
2336 3434 2857 3510 Kielcensibus
2902 3457 2949 3508 a
2994 3431 3111 3507 die

201 3552 439 3650 prima
513 3550 856 3629 Octobris
908 3560 981 3627 in
1038 3554 1254 3629 Anno
1323 3554 1717 3631 Millesimo
1791 3554 2333 3634 Sexcentesimo
2409 3567 2649 3651 sexto,
2722 3578 2951 3653 usque
3017 3554 3109 3629 ad

203 3673 640 3751 sedecimam
698 3677 968 3751 mensis
1029 3676 1412 3752 Februarii
1465 3679 1634 3753 anni
1687 3681 2095 3777 praesentis
2147 3680 2378 3775 diem,
2435 3702 2576 3777 quo
2629 3677 3111 3754 Reverendis-

203 3796 373 3871 simi
459 3798 754 3872 Domini
834 3798 1159 3873 moderni
1238 3797 1589 3897 Episcopi
1670 3802 2115 3877 confirmatio
2187 3803 2262 3876 in
2334 3800 2673 3900 Capitnlo
2744 3799 3113 3898 publicata

203 3927 355 4012 est,
444 3919 791 3994 collectae
869 3929 941 3994 et
1015 3946 1145 4019 per
1217 3923 1625 4020 Deputatos
1695 3922 2157 4001 Venerabilis
2249 3924 2566 4023 Capituli
2652 3922 3107 4019 conscriptae

201 4043 541 4136 fuissent,
595 4066 687 4117 ne
734 4043 904 4139 quid
942 4044 1012 4117 in
1053 4044 1572 4141 praeiudicium
1627 4048 1999 4122 absentiae
2052 4048 2182 4122 illo
2237 4054 2556 4145 tempore
2609 4045 3110 4120 Praelatorum

205 4172 278 4238 et
312 4162 845 4239 Canonicorum
886 4188 1052 4240 esse
1089 4166 1419 4241 videatur
1453 4168 1742 4263 factum,
1794 4170 2381 4245 deliberationem
2422 4170 2511 4245 de
2550 4168 2822 4244 eisdem
2875 4166 3108 4239 Mine·

201 4287 332 4378 ris,
391 4286 469 4360 in
523 4310 732 4382 quem
787 4288 1235 4385 potissimum
1291 4312 1496 4364 nsum
1554 4293 1876 4366 converti
1931 4292 2296 4388 deberent,
2356 4293 2444 4368 ad
2492 4314 2841 4390 praesens
2893 4311 3111 4384 gene·

201 4410 365 4483 rale
422 4406 874 4507 Capitulum,
952 4410 1068 4484 cui
1121 4432 1371 4486 omnes
1426 4420 1498 4487 et
1552 4414 1823 4509 singuli
1875 4416 2229 4491 interesse
2282 4423 2633 4511 tenentur,
2706 4409 3127 4489 Reverendi

203 4530 513 4605 Domini
568 4530 1016 4608 distulerunt.
1101 4532 1189 4606 In
1241 4534 1382 4608 hoc
1434 4535 1656 4630 igitur
1706 4538 2039 4632 generali
2110 4535 2448 4636 Capitulo
2504 4533 2911 4611 Reverendi
2964 4534 3117 4608 Do-

204 4653 389 4727 mini
445 4652 988 4729 considerantes
1050 4656 1304 4730 horum
1359 4666 1758 4758 temporum
1825 4660 2305 4736 calamitatem
2360 4670 2434 4735 et
2484 4661 2859 4735 abscissos
2912 4656 3119 4730 Men-

206 4799 340 4850 sae
419 4798 593 4851 suae
665 4786 1057 4874 proventus
1131 4776 1302 4881 (tum
1362 4781 1531 4877 quia
1583 4784 1849 4858 multae
1921 4784 2244 4859 decimae
2307 4805 2450 4857 non
2505 4782 2900 4873 solvuntur,
2974 4784 3119 4853 tum

207 4900 388 4995 quia
459 4899 704 4973 variae
775 4902 1198 4976 vexationes
1250 4903 1325 4975 in
1379 4912 1578 4979 tanta
1649 4906 1950 4980 militum
2020 4906 2315 4981 licentia
2386 4905 2597 4979 bonis
2670 4911 2741 4978 et
2812 4900 3121 4979 subditis

204 5020 811 5098 Reverendornm
867 5024 1341 5099 Dominorum
1393 5024 1845 5130 inferuntur),
1901 5030 2231 5104 volentes
2284 5029 2497 5103 etiam
2545 5050 2695 5123 eos,
2753 5024 2876 5122 qui
2928 5022 3119 5099 circa

207 5142 631 5219 Ecclesiam
687 5144 1037 5240 resident,
1095 5171 1459 5245 oneraque
1512 5158 1587 5225 et
1640 5154 1936 5227 servitia
1985 5152 2185 5229 illius
2238 5153 2533 5247 maiora,
2592 5173 2803 5247 quam
2857 5147 3113 5221 absen-

206 5272 350 5361 tes,
408 5266 818 5364 perferunt,
875 5267 1095 5364 digno
1151 5294 1316 5346 esse
1372 5274 1691 5371 praemio
1745 5283 2281 5372 remuneratos,
2353 5275 2567 5350 talem
2624 5272 2716 5348 de
2771 5265 3120 5347 eiusmodi

205 5390 528 5465 Mineris
565 5390 892 5468 collectis
929 5392 1448 5471 ordinationem
1499 5397 1980 5477 concordibus
2015 5400 2207 5475 votis
2242 5408 2315 5475 et
2349 5397 2717 5495 suffragiis
2759 5396 3117 5471 fecerunt:
