4055 6364
2118 790 2681 869 -138-

1156 1003 1533 1079 Caeterum
1591 1027 1681 1078 ne
1733 1003 1805 1075 in
1862 1008 2227 1100 posterum
2281 1002 2371 1077 ad
2426 1003 2665 1079 futura
2717 1010 3041 1099 tempora
3096 1025 3315 1101 super
3368 1002 3483 1076 his
3536 1009 3609 1075 et
3654 1000 3849 1075 simi-

947 1127 1143 1202 libus
1202 1125 1441 1201 dubiis
1492 1125 1738 1221 aliqua
1790 1133 2114 1219 emergat
2167 1124 2537 1221 dubitatio,
2593 1124 2686 1199 ad
2725 1149 2883 1200 eum
2941 1126 3227 1200 modum
3295 1124 3851 1199 declarationem

948 1249 1259 1348 desuper
1324 1247 1730 1324 faciendam
1803 1270 1968 1323 esse
2040 1246 2337 1323 Domini
2403 1246 2817 1323 Reverendi
2884 1254 3355 1347 putaverunt:
3420 1254 3499 1323 ut
3552 1246 3854 1343 quilibet

945 1371 1419 1446 Dominorum
1493 1372 2014 1467 Deputatorum
2087 1370 2557 1468 profectionis
2620 1393 2793 1447 suae
2850 1393 2890 1443 e
2944 1368 3301 1445 Cracovia
3364 1368 3851 1444 Piotrcoviam

943 1494 1064 1569 vel
1116 1493 1502 1569 Lublinum
1539 1514 1820 1584 versus,
1873 1491 2087 1565 unius
2142 1492 2583 1590 septimanae
2619 1492 2692 1565 in
2732 1492 2990 1586 eundo,
3048 1493 3345 1567 alterius
3397 1514 3572 1567 vero
3617 1492 3697 1565 in
3738 1511 3852 1564 re-

950 1615 1257 1713 deundo,
1315 1614 1858 1691 distributiones
1907 1615 2235 1708 integras
2286 1614 2555 1689 habere
2613 1613 2894 1689 debeat.
2952 1610 3295 1689 Similiter
3340 1622 3413 1689 et
3445 1636 3577 1712 per
3622 1620 3849 1687 totum

947 1744 1236 1837 tempus
1289 1737 1342 1813 J
1344 1737 1741 1812 udiciorum
1799 1737 2010 1809 etiam
2060 1737 2124 1811 si
2176 1734 2444 1811 ibidem
2498 1736 2713 1811 fuerit
2764 1736 3110 1831 infirmus,
3168 1743 3494 1835 excepte,
3552 1733 3749 1832 quod
3786 1734 3851 1808 si

947 1860 1334 1958 contigerit
1382 1860 1712 1935 limitatio
1767 1845 2012 1955 aliqua
2061 1857 2114 1933 J
2116 1857 2511 1933 udiciorum
2549 1856 2903 1934 eiusmodi
2940 1859 3510 1934 extraordinaria
3554 1865 3855 1955 propter

943 2006 1160 2059 casus
1215 1992 1287 2059 et
1320 1992 1622 2057 eventus
1675 1982 1962 2078 aliquos
2014 1982 2369 2074 fortuitos,
2426 1988 2573 2055 tum
2626 1981 2703 2054 in
2741 2003 2829 2055 eo
2884 2005 3058 2057 casu
3114 1982 3282 2055 talis
3336 1981 3639 2077 quilibet
3694 1981 3849 2053 Do·

941 2107 1289 2181 minorum
1347 2102 1843 2200 Confratrum,
1919 2104 2041 2201 qui
2094 2104 2293 2179 volet
2345 2104 2923 2179 distributionum
2996 2104 3349 2180 eiusmodi
3406 2126 3571 2179 esse
3621 2103 3852 2201 parti-

943 2252 1143 2327 ceps,
1195 2224 1488 2323 regredi
1539 2227 1632 2302 ad
1686 2226 2099 2303 Ecclesiam
2154 2250 2359 2302 suam
2415 2226 2726 2302 debebit.

2262 2539 2515 2639 CLII.

944 2746 1528 2832 Distributionea
1567 2745 2042 2848 quotidianae
2082 2746 2480 2849 neputatis
2520 2746 2617 2827 ad
2654 2745 2933 2828 iudicia
2985 2745 3467 2827 Tribunaiitia
3501 2747 3851 2848 tempore

945 2867 1398 2951 limitationis
1454 2866 1852 2949 eorundem
1906 2866 2385 3070 lugggrugid
2438 2866 2841 3070 {igbaaaipt
2895 2866 3185 2969 quando
3240 2869 3558 2949 dandae.
3632 2868 3851 2951 Anno

1153 3199 1336 3278 Cum
1393 3199 1482 3276 de
1535 3201 1948 3298 praesentia
2002 3198 2385 3275 Ecclesiae
2438 3199 2673 3294 huius,
2729 3200 2870 3275 hoc
2922 3209 3036 3275 est
3090 3201 3183 3274 de
3220 3197 3855 3278 distributionibus

942 3323 1380 3422 quotidianis
1430 3321 1547 3396 his
1601 3321 1936 3398 Dominis
1990 3323 2149 3398 dari
2202 3324 2479 3416 solitis,
2554 3323 2675 3419 qui
2728 3323 2819 3397 ad
2874 3322 2927 3398 J
2932 3322 3169 3398 udicia
3220 3322 3647 3399 Tribunalis
3706 3322 3851 3398 Re·

941 3446 1070 3540 gni
1105 3443 1434 3542 deputari
1472 3443 1728 3538 solent,
1787 3443 2273 3520 dubitationes
2327 3444 2677 3541 quaedam
2734 3445 3167 3539 exoriantur,
3223 3445 3639 3520 Reverendi
3694 3446 3851 3520 Do·

942 3567 1118 3644 mini
1168 3566 1244 3640 in
1281 3566 1419 3642 hoc
1471 3565 1800 3661 generali
1853 3564 2193 3663 Capitulo
2248 3566 2670 3660 congregati
2722 3563 2817 3638 ad
2871 3589 3032 3640 eum
3086 3568 3375 3642 modum
3428 3591 3725 3642 exnunc
3780 3575 3855 3642 et

939 3689 1016 3762 in
1068 3697 1432 3787 posterum
1489 3687 2017 3763 observandum
2095 3694 2495 3762 statuerunt
2547 3695 2619 3761 et
2672 3688 3176 3763 decreverunt:
3249 3697 3329 3764 ut
3378 3689 3855 3763 limitationes

941 3810 1360 3886 Tribunalis
1396 3810 1984 3902 Petricoviensis‚
2025 3833 2211 3908 quae
2248 3809 2655 3886 ordinariae
2690 3810 2851 3885 fieri
2886 3811 3125 3886 solent
3158 3837 3203 3885 a
3240 3812 3493 3906 vigilia
3528 3809 3603 3884 S.
3646 3811 3852 3885 Tho·

937 3957 1099 4009 mae
1171 3933 1513 4032 Apostoli
1577 3931 1670 4007 ad
1733 3933 1992 4006 festum
2064 3931 2675 4029 Epiphanian1m‚
2752 3940 2824 4006 et
2894 3932 3156 4007 deinde
3210 3959 3255 4007 a
3308 3931 3629 4009 Sabbato
3697 3935 3854 4006 Do·

937 4055 1244 4132 minicae
1302 4055 1611 4130 Laetare
1667 4077 1896 4151 usque
1957 4051 2051 4128 ad
2104 4055 2355 4130 feriam
2412 4053 2795 4130 secundam
2853 4053 3187 4131 Paschae
3239 4056 3519 4130 censeri
3582 4056 3861 4132 debent

939 4176 1348 4252 ordinariae
1402 4185 1474 4252 et
1526 4177 1941 4252 necessario
1992 4175 2467 4268 introductae,
2523 4177 2595 4251 in
2654 4177 2915 4273 quibus
2967 4176 3187 4252 iidem
3241 4178 3539 4252 Domini
3590 4180 3856 4277 Depu-

937 4299 1069 4374 tati
1121 4300 1532 4397 praesentia
1583 4299 1961 4374 Ecclesiae
2013 4299 2335 4393 gaudere
2388 4297 2672 4373 debent.
2730 4296 2961 4375 Secus
3012 4307 3249 4374 tamen
3304 4308 3418 4374 est
3460 4300 3537 4374 in
3579 4301 3855 4377 limita-

937 4422 1260 4498 tionibus
1295 4429 1369 4496 et
1405 4421 1993 4497 extraordinariis
2048 4429 2121 4495 et
2172 4421 2620 4514 casualibus,
2674 4422 2747 4496 in
2804 4422 3065 4518 quibus
3116 4424 3531 4520 praesentia
3583 4422 3857 4498 Eccle-

937 4545 1092 4620 siae
1145 4552 1424 4635 carent,
1481 4568 1712 4642 neque
1765 4542 1943 4618 illud
2001 4542 2362 4620 residuum
2426 4543 2768 4640 stipendii
2803 4545 3014 4620 simul
3062 4553 3133 4619 et
3178 4546 3667 4644 praesentiam
3710 4547 3856 4621 Ec-

937 4667 1214 4742 clesiae
1265 4669 1458 4742 bona
1530 4667 1972 4743 conscientia
2041 4688 2175 4764 pro
2228 4689 2309 4740 se
2370 4667 2705 4764 usurpari
2757 4666 2926 4742 talis
2981 4667 3283 4763 quilibet
3332 4669 3627 4766 poterit,
3707 4670 3859 4745 imo

936 4788 1164 4864 teneri
1235 4788 1452 4863 debet
1519 4789 1615 4864 ad
1683 4787 2209 4864 restitutionem
2270 4795 2343 4864 et
2410 4788 2486 4862 in
2542 4787 2881 4887 Capitulo
2949 4791 3465 4886 repositionem
3518 4790 3595 4864 in
3656 4792 3857 4866 alios

932 4909 1240 5008 posthac
1293 4911 1830 4987 Tribunalistas
1883 4909 2467 4986 convertendum.
