4055 6364
2075 690 2634 769 —308—

1116 902 1387 979 Averte
1458 904 1715 978 faeiem
1788 911 1979 979 tuam
2048 928 2095 977 a
2147 903 2466 1001 peccatis
2537 903 2749 979 meis:
2825 903 2867 949 ²¹⁸
2937 910 3010 977 et
3060 924 3310 977 omnes
3378 902 3798 998 iniquitates

909 1049 1115 1101 meas
1168 1025 1356 1100 dele.
2517 1038 2530 1051 ·
2631 1043 2640 1053 ·

1116 1146 1263 1223 Cor
1316 1146 1648 1224 mundum
1724 1170 1891 1223 orea
1960 1148 2035 1222 in
2090 1172 2201 1224 me
2255 1148 2490 1223 Deus:
2566 1148 2606 1191 ²¹²
2660 1156 2732 1227 et
2783 1148 3109 1247 spiritum
3183 1155 3456 1222 reetum
3526 1148 3798 1221 innova

910 1270 982 1345 in
1038 1270 1439 1345 visceribus
1491 1270 1693 1344 meis.

1116 1392 1230 1468 Ne
1282 1392 1624 1490 proiieias
1674 1415 1789 1468 me
1855 1416 1902 1465 a
1953 1391 2140 1467 faeie
2211 1400 2362 1466 tua:
2440 1386 2480 1429 ²¹²
2533 1398 2606 1467 et
2657 1391 2982 1489 spiritum
3057 1398 3382 1467 sanetum
3435 1399 3629 1467 tuum
3703 1414 3798 1465 ue

915 1514 1207 1590 auferas
1258 1536 1304 1587 a
1357 1536 1493 1589 me.

1118 1634 1371 1710 Redde
1425 1632 1596 1711 mihi
1645 1634 1987 1710 laetitiam
2043 1635 2382 1710 salutaris
2433 1634 2564 1709 tui:
2617 1636 2660 1681 ²¹⁸
2712 1643 2783 1711 et
2835 1634 3090 1733 spiritu
3158 1635 3546 1733 principali
3615 1658 3794 1710 eon-

910 1757 1117 1832 firma
1170 1780 1305 1832 me.

1118 1878 1419 1954 Docebo
1472 1878 1761 1973 iniquos
1812 1878 1971 1951 vias
2024 1884 2225 1951 tuas:
2281 1876 2321 1919 ²¹²
2374 1884 2444 1952 et
2496 1876 2697 1974 impii
2747 1876 2840 1951 ad
2893 1886 2964 1950 te
3021 1886 3545 1954 convertentur.

1116 2001 1384 2075 Libera
1435 2022 1549 2075 me
1604 2000 1695 2075 de
1748 1998 2221 2095 sanguinibus
2271 1999 2498 2093 Deua,
2569 2000 2776 2074 Deus
2827 1999 3083 2075 salutis
3134 2022 3370 2075 meae:
3407 2000 3448 2041 ²¹²
3485 2008 3558 2074 et
3591 2000 3792 2075 exul·

912 2124 1088 2198 tabit
1139 2122 1391 2217 lingua
1442 2146 1600 2197 mea
1650 2121 1993 2196 iustitiam
2046 2129 2260 2197 tuam.

1116 2244 1426 2319 Domine
1476 2244 1671 2318 labia
1723 2265 1884 2317 mea
1935 2242 2258 2341 aperies:
2332 2242 2372 2285 ²¹²
2426 2250 2498 2317 et
2549 2266 2633 2318 os
2684 2266 2914 2318 meum
2989 2244 3436 2319 annuntiabit
3504 2244 3794 2319 laudem

911 2374 1124 2442 tuam.

1120 2486 1474 2578 Quoniam
1527 2486 1593 2561 si
1646 2484 2005 2559 voluisses
2071 2486 2518 2581 sacrificium,
2598 2486 2955 2561 dedissem
3026 2486 3301 2583 utique:
3355 2482 3396 2525 *
3449 2487 3791 2563 holocau-

913 2610 1047 2685 stis
1102 2632 1247 2684 non
1299 2607 1799 2683 delectaberis.

1118 2728 1559 2806 Saorifioium
1612 2729 1776 2802 Deo
1830 2726 2126 2825 spiritus
2181 2728 2727 2804 contribulatus:
2767 2730 2806 2773 *
2844 2752 2968 2804 eor
3021 2730 3392 2805 contritum
3445 2737 3519 2805 et
3561 2729 3792 2805 humi-

914 2851 1185 2942 liatum,
1242 2852 1469 2945 Deus,
1522 2872 1666 2924 non
1721 2849 2103 2947 despicies.

1123 2973 1446 3068 Benigne
1499 2973 1642 3063 fae,
1696 2972 2027 3067 Domine,
2102 2972 2172 3045 in
2228 2974 2418 3046 bona
2471 2972 2832 3047 voluntate
2885 2980 3006 3049 tua
3059 2970 3264 3048 Sion:
3320 2973 3359 3015 *
3411 2980 3490 3049 ut
3540 2973 3794 3048 aedifi-

914 3102 1163 3171 centur
1214 3095 1395 3169 muri
1449 3094 1864 3169 Ierusalem.

1114 3217 1322 3292 Tune
1376 3218 1787 3315 aeeeptabis
1836 3217 2260 3292 sacrificium
2307 3217 2639 3310 iustitiae,
2697 3217 3098 3294 oblationes
3144 3226 3215 3292 et
3266 3217 3690 3292 holocausta
3712 3242 3730 3288 ε
3753 3218 3796 3260 *

913 3347 1081 3415 tune
1131 3341 1498 3438 imponent
1550 3363 1767 3437 super
1817 3339 2046 3413 altare
2099 3347 2292 3415 tuum
2345 3339 2634 3413 vitulos.

1120 3458 1379 3535 Gloria
1433 3460 1656 3535 Patri.

1114 3582 1350 3680 Kyrie
1404 3582 1697 3677 eleison,
1755 3580 2041 3657 Christe
2097 3583 2391 3678 eleison,
2449 3582 2685 3681 Kyrie
2737 3583 3034 3659 eleison.
3089 3583 3309 3659 Pater
3359 3593 3627 3660 noster.

1804 3859 1887 3923 Et
1930 3877 2190 3943 surgens
2237 3860 2641 3926 Introdueens
2689 3860 2884 3928 dieat:

1366 4048 1449 4131 V.
1501 4049 1599 4125 Et
1649 4075 1739 4125 ue
1792 4073 1927 4125 nos
1977 4050 2278 4126 inducas
2330 4053 2402 4126 in
2457 4055 2940 4128 tentationem.

1367 4169 1450 4253 B..
1506 4169 1651 4248 Sed
1702 4172 1933 4247 libera
1988 4197 2122 4248 nos
2175 4199 2220 4248 a
2272 4175 2482 4258 malo.

1367 4291 1451 4374 V.
1507 4291 1935 4369 Sacerdotes
1986 4298 2089 4369 tui
2140 4296 2522 4373 induantur
2570 4299 2935 4374 iustitiam.

1368 4412 1451 4496 Β..
1503 4414 1600 4488 Et
1651 4412 1895 4489 Saneti
1950 4416 2050 4490 tui
2107 4417 2443 4492 exultent.

1366 4534 1450 4617 V.
1507 4534 1798 4612 Salvum
1852 4538 1970 4611 fae
2024 4535 2320 4614 Servum
2377 4548 2591 4616 tuum.

1366 4655 1451 4740 R..
1506 4659 1709 4734 Deus
1764 4682 1964 4734 meus
2018 4669 2396 4756 sperantes
2447 4663 2523 4736 in
2575 4670 2670 4738 te.

1367 4775 1449 4859 V.
1504 4779 1707 4854 Deus
1760 4780 2116 4855 custodiat
2167 4781 2527 4858 introitum
2584 4791 2656 4858 et
2707 4787 2969 4862 exitum
3021 4795 3238 4863 tuum.

1367 4897 1448 4981 R..
1506 4899 1621 4976 Ex
1671 4901 1811 4977 hoo
1862 4925 2049 4976 nune
2105 4910 2176 4977 et
2228 4927 2454 5001 usque
2508 4905 2576 4980 in
2617 4908 3005 4984 saeculnm.
