4055 6364
2089 722 2654 805 -110—

936 936 1199 1035 genda‚
1237 937 1691 1014 unanimibus
1730 935 1913 1011 votis
1950 943 2024 1011 et
2061 936 2437 1011 sententiis
2476 936 2651 1030 suis,
2693 936 2829 1012 sub
2865 934 3372 1013 ratihabitione
3411 943 3648 1011 tamen
3689 934 3848 1011 Re-

929 1058 1437 1135 verendissimi
1467 1060 1545 1134 in
1581 1056 1875 1134 Christo
1928 1057 2174 1135 Patris
2213 1066 2286 1133 et
2321 1058 2616 1133 Domini
2651 1058 2950 1134 Domini
2999 1056 3380 1133 Francisci
3429 1056 3850 1134 Krasinski

929 1182 1075 1257 Dei
1109 1182 1348 1277 gratia
1382 1180 1734 1280 Episcopi
1770 1178 2282 1257 cracoviensis
2317 1180 2628 1255 feliciter
2662 1179 3009 1274 moderni,
3049 1180 3542 1255 decreverunt.
3592 1180 3846 1277 Inpri-

928 1304 1069 1380 mis
1102 1304 1177 1377 in
1216 1302 1555 1401 Capitulo
1594 1302 1959 1379 ordinario
1998 1302 2479 1400 septimanali,
2520 1301 2711 1398 quod
2747 1301 2934 1377 solet
2969 1324 3136 1377 esse
3171 1302 3391 1377 Feria
3423 1309 3652 1397 sexta,
3701 1301 3844 1375 ali·

930 1448 1073 1522 quo
1106 1426 1333 1501 Festo
1388 1425 1661 1500 celebri
1708 1447 1850 1499 non
1885 1423 2254 1522 impedita,
2315 1425 2435 1500 vel
2490 1425 2736 1522 aliqua
2789 1425 2961 1519 alia,
3005 1425 3084 1498 in
3121 1448 3264 1521 qua
3297 1425 3437 1499 hoc
3491 1424 3842 1521 septima-

930 1546 1097 1622 nale
1151 1545 1562 1645 Capitulum
1616 1548 2119 1642 celebrabitur,
2187 1547 2594 1623 denuntiari
2646 1546 2940 1623 debebit
3002 1570 3133 1644 per
3185 1568 3316 1622 eos
3369 1568 3667 1643 quorum
3724 1545 3844 1618 in-

928 1678 1175 1764 terest,
1230 1671 1701 1768 septimanam
1756 1668 2350 1745 celebrandarum
2401 1669 2794 1744 Missarum
2847 1668 3369 1743 canonicalium
3428 1668 3517 1743 ad
3576 1666 3846 1741 Altare

927 1793 1158 1869 maius
1212 1789 1439 1893 (iuxta
1494 1800 1774 1868 turnum
1810 1794 1885 1866 in
1922 1792 2194 1868 talibus
2247 1793 2526 1867 servari
2581 1788 2896 1891 solitum)
2952 1790 3363 1865 Praelatum
3417 1790 3538 1865 vel
3589 1786 3841 1864 Cano-

928 1916 1166 1989 nicum
1218 1917 1392 1990 tunc
1443 1917 1535 1991 ab
1588 1914 1928 1989 Ecclesia
1980 1916 2347 1990 absentem
2404 1938 2876 2005 concernere,
2943 1912 3036 1987 ad
3091 1936 3304 2009 quam
3360 1910 3646 2009 quidem
3705 1910 3837 1984 de-

925 2037 1444 2113 nuntiationem
1498 2038 1565 2113 si
1616 2037 1882 2135 aliquis
1954 2061 2046 2113 ex
2098 2037 2459 2113 Praelatis
2530 2037 2650 2111 vel
2716 2035 3108 2110 Canonicis
3175 2036 3249 2108 in
3303 2034 3433 2108 illo
3487 2032 3837 2130 Capitulo

926 2167 1229 2257 protunc
1282 2159 1829 2257 praesentibus,
1886 2183 2019 2258 pro
2073 2160 2203 2235 illo
2257 2160 2594 2252 absente,
2670 2181 2876 2255 quem
2933 2165 3184 2233 turnus
3237 2154 3835 2231 celebrandarum

923 2270 1315 2357 Mi'ssarum
1350 2282 1445 2357 ad
1481 2282 1735 2357 Altare
1773 2283 2003 2358 maius
2047 2284 2122 2357 in
2159 2280 2291 2358 illa
2340 2282 2504 2380 ipsa
2559 2282 2960 2379 septimana
3014 2280 3500 2375 contingebat,
3549 2302 3630 2353 se
3668 2276 3832 2351 offi-

926 2403 1113 2478 cium
1164 2403 1308 2477 hoc
1359 2404 1807 2503 expleturum
1864 2426 2005 2479 non
2063 2402 2564 2497 declaraverit,
2620 2412 2786 2479 tunc
2843 2425 2929 2478 eo
2984 2426 3159 2478 casu
3215 2398 3832 2477 extraordinarius

927 2533 1177 2601 turnus
1230 2525 1300 2601 in
1341 2526 1707 2623 praesenti
1760 2524 2098 2623 Capitulo
2147 2527 2240 2602 ad
2278 2526 2674 2601 abolendas
2729 2525 3213 2621 negligentias
3266 2521 3619 2598 eiusmodi
3671 2520 3829 2595 lau·
3885 2576 3890 2579 -

924 2644 1135 2721 datus
1190 2654 1261 2721 et
1313 2647 1743 2721 constitutus
1813 2648 2050 2723 locum
2122 2648 2391 2723 habere
2459 2648 2788 2741 debebit,
2866 2647 2967 2721 ita
3021 2646 3213 2743 quod
3267 2644 3562 2719 Domini
3615 2665 3829 2739 prae·

922 2776 1165 2843 sentes
1210 2777 1283 2842 et
1325 2766 1728 2845 residentes
1782 2770 1976 2845 circa
2031 2771 2466 2862 Ecclesiam,
2521 2767 2935 2867 incipiendo
2987 2794 3032 2847 a
3087 2765 3516 2843 Reverendo
3569 2764 3824 2839 Domi-

924 2913 1021 2964 no
1075 2891 1378 2965 Decano
1432 2901 1505 2964 et
1554 2892 1656 2965 ita
1718 2892 1811 2966 ad
1866 2894 2188 2968 ultimum
2243 2891 2686 2967 Canonicum
2759 2891 2992 2965 dextri
3051 2888 3275 2965 Chori
3329 2890 3402 2962 in
3457 2886 3822 2981 Ecclesia,

923 3019 995 3085 et
1048 3011 1329 3087 demum
1384 3036 1428 3085 a
1466 3010 1893 3089 Reverendo
1946 3015 2264 3089 Domino
2317 3013 2850 3088 Archidiacono
2905 3036 3130 3109 usque
3169 3012 3262 3085 ad
3300 3012 3620 3085 ultimum
3677 3008 3821 3083 Ca·

920 3133 1253 3209 nonicum
1310 3133 1583 3210 sinistri
1637 3132 1883 3230 Chori,
1941 3136 2552 3212 extraordinarios
2607 3136 2790 3211 istos
2825 3143 3075 3210 turnos
3131 3132 3562 3234 (supplendo
3614 3129 3820 3204 vide·

918 3254 1092 3329 licet
1142 3255 1375 3332 vicem
1444 3257 1846 3332 absentium
1899 3281 1986 3332 ac
2041 3259 2312 3334 Missas
2386 3257 2740 3334 eiusmodi
2801 3281 2932 3356 per
2994 3257 3181 3332 alios
3250 3255 3628 3330 Praelatos
3699 3252 3820 3325 vel

920 3374 1331 3452 Canonicos
1387 3378 1679 3476 explere
1746 3379 2294 3482 negligentium)
2369 3381 2618 3456 ordine
2674 3379 3054 3454 decantare
3109 3403 3198 3455 ac
3249 3378 3323 3452 in
3377 3378 3634 3452 effectu
3691 3397 3814 3448 ex-

918 3498 1119 3597 plere
1171 3507 1547 3574 teneantur
1600 3509 1670 3574 et
1724 3501 1867 3576 sint
1920 3500 2270 3576 adstricti.
2348 3501 2562 3592 Quod
2616 3503 2680 3576 si
2732 3524 3082 3600 praesens
3133 3497 3537 3575 huiusmodi
3592 3494 3814 3570 Prae·

918 3620 1111 3702 latus
1149 3622 1268 3696 vel
1306 3619 1718 3698 Canonicus
1773 3623 2416 3699 extraordinarium
2467 3623 2658 3697 hunc
2711 3632 2994 3698 turnum
3032 3646 3236 3698 suum
3270 3629 3564 3719 propter
3597 3619 3812 3692 affec-

918 3748 1061 3816 tam
1104 3741 1607 3838 valetudinem,
1660 3745 1779 3818 vel
1818 3746 1882 3819 si
1916 3747 2103 3822 forte
2140 3753 2305 3820 actu
2342 3745 2738 3843 Presbyter
2776 3767 2913 3820 non
2957 3751 3170 3837 esset,
3211 3751 3334 3818 aut
3372 3743 3464 3817 ob
3502 3740 3814 3836 aliquam

918 3866 1457 3962 occupationem
1514 3867 1807 3964 explere
1862 3891 2002 3942 non
2043 3876 2314 3965 posset,
2368 3875 2538 3942 tunc
2572 3866 2648 3941 id
2685 3891 2816 3965 per
2850 3867 3068 3943 alium
3123 3866 3552 3940 confratrem
3606 3885 3816 3936 suum

920 3987 1118 4061 circa
1172 3986 1581 4063 Ecclesiam
1636 3998 2093 4087 praesentem
2145 3989 2540 4085 adimplere
2579 3991 2840 4086 poterit
2875 3998 2948 4064 et
2985 3989 3360 4065 tenebitur.
3419 3985 3528 4062 Ut
3575 3991 3814 4059 autem

918 4105 1239 4182 Praelati
1296 4117 1369 4182 et
1420 4107 1771 4186 Canonici
1844 4111 2315 4186 celebrationi
2386 4111 2796 4188 huiusmodi
2865 4113 3258 4187 Missarum
3329 4115 3672 4184 vacantes
3727 4130 3814 4179 ac

916 4231 1320 4305 absentium
1399 4233 1503 4306 uti
1582 4232 1848 4308 dictum
1922 4241 2072 4326 est,
2155 4234 2356 4308 vices
2427 4235 2500 4308 in
2573 4235 2805 4309 turnis
2883 4233 3088 4308 hisce
3169 4231 3552 4307 ordinariis
3631 4229 3804 4301 obe-

916 4358 1125 4428 untes
1160 4353 1725 4429 consolationem
1776 4379 1976 4430 suam
2034 4365 2104 4431 et
2151 4357 2552 4431 uberiorem
2590 4357 2960 4431 materiam
3004 4353 3581 4449 elargiendamm
3620 4349 3804 4426 elee-

915 4475 1347 4551 mosinarum
1404 4475 1771 4570 haberent,
1830 4477 2350 4553 Procuratores
2401 4481 2786 4574 generales
2841 4477 3158 4577 Capituli
3210 4501 3256 4550 a
3310 4471 3808 4552 decantatione

916 4595 1370 4691 singularum
1416 4598 1805 4674 Missarum
1879 4600 2218 4676 Praelato
2274 4603 2388 4676 vel
2448 4600 2819 4677 Canonico
2893 4600 3208 4674 cantanti
3263 4594 3627 4696 praesenti
3681 4616 3804 4690 pe·
3881 4655 3888 4662 .

915 4719 1197 4796 cuniam
1262 4743 1355 4794 ex
1424 4721 1763 4797 thesauro
1840 4722 2143 4798 Mensae
2218 4719 2648 4820 capitularis'
2717 4747 2929 4797 unam
3007 4721 3330 4795 Marcam
3395 4715 3672 4796 numeri
3737 4719 3808 4788 et

912 4848 1245 4916 monetae
1294 4843 1723 4938 polonicalis
1776 4846 2248 4920 numerabunt
2298 4847 2372 4921 in
2427 4849 2706 4922 effectu.
2779 4845 2892 4920 Ne
2946 4853 3184 4920 autem
3236 4868 3328 4918 ex
3380 4840 3470 4918 'ea
3519 4862 3600 4914 re
3649 4837 3805 4912 the-

914 4983 1171 5038 saurus
1224 4961 1527 5038 Mensae
1580 4965 1997 5062 capitularis
2053 4966 2547 5044 detrimentum
2601 4967 2940 5065 patiatur,
3017 4965 3236 5041 iidem
3288 4964 3808 5039 Procuratores

913 5081 1231 5182 Capituli
1281 5107 1416 5184 per
1468 5085 1877 5162 citationem
1912 5089 2048 5162 sub
2085 5089 2292 5165 titulo
2337 5097 2410 5165 et
2443 5090 2689 5185 sigillo
2742 5089 3204 5166 Venerabilis
3256 5085 3575 5186 Capituli
3626 5082 3802 5158 Cra-

912 5207 1275 5282 coviensis
1320 5208 1415 5282 ad
1452 5210 1705 5284 valvas
1758 5209 2140 5286 Ecclesiae
2175 5212 2388 5288 huius
2424 5211 2885 5289 Cathedralis
2938 5211 3446 5289 Cracoviensis
3499 5210 3801 5304 affigen-

912 5326 1099 5421 dam,
1153 5329 1367 5407 unius
1422 5331 1691 5414 mensis
1742 5332 2066 5439 termino.
2081 5333 2403 5432 praefixo
2458 5343 2532 5411 et
2583 5336 2979 5432 assignat0‚
3037 5336 3526 5432 negligentem
3579 5333 3802 5410 Prae-
