4055 6364
2096 737 2671 818 -182-

2177 1019 2601 1122 CCXXII.

938 1230 1044 1312 De
1097 1228 1760 1347 Administratione
1829 1229 2185 1312 bonorum
2250 1228 2778 1331 episcopalium
2851 1227 3053 1312 Sede
3126 1230 3460 1312 vacante
3534 1229 3840 1331 Episco-

1058 1352 1288 1453 patus
1353 1350 1904 1435 cracoviensis.
1972 1351 2181 1433 Anno
2246 1351 2403 1433 1611.
2470 1350 2596 1432 nie
2662 1349 2979 1432 sabbati
3034 1350 3121 1432 14
3174 1352 3459 1437 mensis
3520 1351 3715 1433 maii.

1141 1560 1354 1636 Licet
1389 1557 1688 1636 Statutis
1743 1561 2313 1660 provincialibus
2368 1571 2440 1635 et
2488 1559 2823 1634 Decretis
2878 1560 3395 1658 capitularibus
3466 1560 3836 1658 provisum

935 1685 1050 1778 sit,
1106 1692 1185 1759 ut
1230 1680 1419 1758 Sede
1474 1691 1802 1772 vacante,
1859 1683 2234 1779 electoque
2282 1681 2905 1776 Administratore,
2962 1705 3093 1779 per
3127 1681 3563 1757 Venerabile
3616 1681 3834 1778 Capi-

932 1807 1158 1883 tulum
1212 1804 1644 1902 procedatur
1695 1805 1788 1880 ad
1827 1807 2399 1882 distributionem
2456 1807 2801 1880 bonorum
2860 1803 3347 1902 Episcopatus
3398 1803 3834 1880 Cracovieu-

933 1927 1060 2020 sis,
1114 1928 1322 2023 isque
1369 1928 1486 2001 cui
1521 1949 1614 2000 ex
1665 1927 1944 2021 gremio
1999 1925 2319 2025 Capituli
2373 1924 2583 2000 datur
2634 1927 3063 2020 gubernatio
3119 1925 3361 2000 Casti-i
3398 1935 3471 2001 et
3504 1925 3837 2001 Tenutas

932 2051 1280 2125 bonorum
1335 2049 1897 2146 episcopalium,
1952 2048 2083 2122 illa
2133 2048 2445 2123 fideliter
2500 2047 3033 2122 administraret
3086 2055 3157 2122 et
3210 2055 3485 2124 teneret
3538 2047 3834 2138 tamdiu,

935 2169 1275 2268 quamdiu
1348 2171 1622 2244 electus
1693 2193 1822 2244 seu
1894 2171 2301 2244 nominatus
2369 2168 2780 2267 Episcopus
2835 2194 2967 2267 per
3022 2168 3280 2244 Sedem
3336 2169 3836 2269 Apostolicam

935 2291 1394 2367 confirmatus
1463 2315 1605 2364 non
1659 2291 1913 2388 fuerit3
2004 2291 2471 2366 nihilominus
2542 2299 2777 2366 tamen
2854 2293 3179 2366 nonnulli
3248 2291 3835 2366 Reverendorum

933 2415 1399 2488 Dominorum
1455 2414 1900 2510 temporibus
1953 2413 2333 2488 retroactis
2384 2415 2650 2512 reperti
2706 2422 2907 2508 sunt,
2978 2415 3099 2510 qui
3156 2413 3544 2512 praedictis
3596 2411 3835 2487 Statu—

932 2537 1027 2610 tis
1081 2547 1151 2611 et
1206 2535 1541 2610 Decretis
1609 2535 2259 2626 contraveniend0‚
2327 2534 2588 2611 Castra
2642 2544 2715 2609 et
2766 2535 3095 2610 Tenutas
3146 2537 3331 2634 ipsis
3382 2536 3455 2609 in
3510 2536 3835 2630 regimen

932 2681 1362 2746 concessas,
1435 2658 1796 2731 nominato
1854 2665 1928 2731 et
1981 2681 2109 2754 per
2164 2655 2426 2732 Sedem
2482 2657 2979 2753 Apostolicam
3034 2659 3347 2732 nondum
3414 2657 3837 2732 confirmato

931 2780 1324 2878 EpiscopO,
1399 2778 1706 2874 quodam
1779 2788 1994 2876 pacto
2069 2779 2245 2852 inito
2315 2778 2761 2853 tradiderunt
2830 2788 2901 2852 et
2967 2779 3391 2854 dimiserunt
3460 2803 3601 2852 uon
3674 2780 3838 2852 sine

931 2925 1197 2995 magna
1267 2901 1750 2975 conscientiae
1803 2900 2165 2998 laesione3
2240 2901 2429 2975 unde
2484 2925 2572 2974 ne
2629 2900 2802 2974 talia
2854 2901 2927 2973 in
2984 2908 3348 2998 posterum
3402 2899 3613 2994 fiant,
3686 2899 3835 2972 Re-

931 3023 1227 3097 verendi
1293 3023 1583 3097 Domini
1635 3024 1706 3097 in
1763 3023 1904 3096 hoc
1958 3021 2300 3120 Capitulo
2374 3024 2799 3118 congregati
2872 3022 3167 3098 obviare
3222 3021 3585 3112 volentes,
3662 3045 3837 3094 con-

931 3145 1272 3221 cordibus
1345 3145 1710 3241 suffragiis
1783 3153 2184 3221 statuerunt
2247 3152 2319 3220 et
2372 3147 2881 3220 ordinaverunt
2952 3144 3396 3243 temporibus
3466 3144 3841 3243 perpetuis

929 3268 1524 3363 irrefragabiliter
1595 3268 2164 3343 observandum:
2260 3276 2335 3342 ut
2388 3269 2627 3344 nullus
2698 3268 3285 3343 Reverendorum
3359 3268 3838 3341 Dominorum

930 3390 1122 3464 bona
1173 3388 1598 3486 temporalia
1654 3386 1844 3463 Sede
1899 3398 2205 3493 vacante
2256 3391 2330 3464 in
2384 3392 2709 3485 regimen
2766 3400 2839 3464 et
2880 3389 3568 3464 administrationem
3602 3413 3651 3461 a
3682 3388 3837 3463 Vo-

932 3510 1236 3585 nerabili
1309 3508 1645 3608 Capitulo
1701 3511 1844 3585 sibi
1897 3512 2305 3604 commissa,
2374 3510 3009 3587 Reverendissimo
3085 3511 3396 3586 Domino
3468 3510 3837 3585 nominato

931 3656 1060 3707 seu
1114 3632 1346 3707 electo
1401 3641 1474 3707 et
1526 3633 1836 3708 nondum
1893 3657 2024 3731 per
2069 3630 2329 3707 Sedem
2384 3632 2883 3731 Apostolicam
2956 3633 3375 3707 confirmato
3431 3630 3835 3730 Episcopo,

931 3756 1085 3829 sive
1147 3755 1304 3829 eius
1358 3754 1988 3849 Procuratoribus,
2066 3757 2332 3830 audeat
2384 3766 2457 3831 et
2512 3765 2925 3854 praesumat
2978 3756 3333 3829 dimittere
3405 3762 3477 3829 et
3546 3754 3835 3828 tradere

931 3878 1066 3951 sub
1136 3899 1370 3975 poena
1443 3878 1884 3952 exclusionis
1939 3902 1982 3951 a
2038 3876 2373 3975 Capitulo
2446 3886 2519 3953 et
2584 3879 3008 3976 privationis
3078 3877 3549 3951 refectionum
3619 3877 3837 3952 unius

929 3998 1119 4074 anni.
1179 3997 1392 4089 Quod
1446 3999 1836 4073 Decretum
1893 4009 1963 4073 et
2016 3997 2367 4074 Statutum
2422 3999 2833 4105 Reverendi
2886 4000 3182 4073 Domini
3235 4000 3691 4074 iureiurando
3748 4022 3836 4073 se

931 4129 1347 4196 servaturos
1402 4121 1882 4218 promiserunt
1935 4129 2007 4195 et
2059 4122 2587 4217 obligaverunt.

2148 4432 2617 4535 CCXXIII.

933 4640 1155 4723 Nemo
1211 4640 1445 4722 habet
1494 4640 1944 4723 facultatem
2002 4642 2329 4743 erigendi
2388 4641 2781 4742 Epitaphia
2829 4641 2897 4721 111
2941 4640 3288 4723 Ecclesia
3325 4640 3829 4737 cracoviensi,

933 4763 1072 4844 nisi
1111 4762 1534 4844 accedente
1581 4782 1964 4845 consensu
2009 4762 2632 4845 Reverendissiml
2674 4762 2945 4844 Domini
2998 4762 3337 4863 Episcopi
3389 4762 3831 4845 cracovien-

1088 4885 1203 4968 sis
1257 4886 1341 4966 et
1392 4884 1860 4968 Venerabilis
1917 4885 2251 4987 capituli.
2307 4885 2514 4968 Anno
2572 4886 2729 4966 1611.
2790 4886 2915 4966 Die
2971 4883 3287 4966 sabbati
3345 4883 3430 4965 14
3484 4882 3665 4964 maii.

1141 5093 1704 5171 Considerantes
1759 5095 2169 5170 Reverendi
2221 5096 2519 5170 Domini
2571 5094 3051 5192 Capitulares,
3109 5093 3300 5189 quod
3348 5117 3441 5168 ex
3472 5094 3834 5188 frequenti

931 5240 1274 5293 novorum
1347 5217 1895 5316 Epitaphiorum
1967 5218 2327 5315 positione
2399 5228 2473 5291 et
2537 5218 2833 5313 antiqua
2902 5215 3295 5313 Epitaphia
3372 5216 3833 5289 fundatorum

928 5340 1140 5416 huius
1193 5339 1574 5415 Ecclesiae
1634 5340 2141 5415 beneficiorum
2197 5346 2269 5415 et
2320 5340 2721 5415 officiorum
2784 5339 3183 5413 divinorum
3246 5337 3609 5431 tollentur,
3664 5360 3827 5412 mu·

4041 663 4045 686 -
4041 579 4045 624 .,,
4041 535 4045 552 ,
4002 7 4045 500 .-,-μ.-ῌ,-.1
