4055 6364
1403 796 1966 874 -159—

221 999 291 1066 et
369 1015 537 1068 cum
608 993 794 1067 scitu
869 991 1230 1086 eiusdem,
1324 992 1702 1089 pecuniam
1780 991 2159 1066 collectam
2236 993 2313 1066 in
2366 991 2875 1068 eleemosinam
2948 993 3125 1068 Mis-

221 1137 466 1190 sarum
503 1139 636 1212 pro
674 1113 1056 1208 defunctis,
1114 1114 1666 1212 pauperioribus
1715 1114 2216 1190 sacerdotibus
2264 1115 2657 1212 dispenset.
2716 1114 2929 1205 Quod
2968 1111 3128 1190 Sta-

211 1244 450 1312 'tutum
505 1237 793 1311 extendi
849 1236 1065 1310 debet
1119 1244 1189 1309 et
1239 1235 1314 1309 in
1371 1258 1521 1330 eos,
1580 1237 1702 1331 qui
1753 1237 1827 1311 in
1881 1237 2203 1331 negotiis
2256 1236 2638 1310 Ecclesiae
2693 1246 2765 1311 et
2812 1235 3132 1335 Capituli

221 1358 606 1433 discedunt
651 1366 723 1433 et
758 1359 1240 1456 praesentiam
1277 1357 1565 1453 habent,
1623 1382 1714 1432 ex
1752 1381 2051 1454 quorum
2103 1359 2554 1456 portionibus
2608 1357 2873 1432 similia
2909 1382 3132 1433 onera

221 1481 487 1555 deduci
542 1480 925 1556 debebunt.
1019 1479 1401 1555 Caeterum
1455 1481 1550 1554 ad
1604 1482 2095 1557 recitationem
2153 1480 2587 1576 Vigiliarum
2654 1504 2816 1555 cum
2869 1504 3127 1556 novem

219 1603 654 1678 lectionibus
737 1627 947 1677 nemo
1018 1604 1476 1698 obligabitur,
1571 1604 1701 1679 sed
1791 1605 2148 1679 satisfacit
2220 1627 2380 1678 cum
2465 1626 2815 1700 praesens
2898 1603 3130 1680 aderit

221 1749 466 1802 earum
526 1725 1008 1801 decantationi
1066 1726 1390 1801 canendo
1446 1732 1520 1801 et
1569 1726 1730 1824 ipse
1783 1725 2307 1816 Invitatorium,
2364 1725 2753 1801 Lectiones
2808 1733 2880 1800 et
2923 1725 3127 1802 Anti-

220 1847 506 1946 phonas
557 1849 972 1943 intonando,
1027 1849 1169 1924 nisi
1223 1849 1415 1945 quod
1472 1848 1886 1947 optandum·
1914 1856 2048 1940 est,
2111 1871 2205 1922 ex
2258 1849 2561 1946 speciali
2617 1848 2999 1923 devotione
3038 1847 3128 1932 *id

220 1972 466 2048 facere
519 1973 717 2046 velit.
774 1971 873 2045 Et
923 1978 1003 2046 ut
1051 1972 1128 2045 in
1164 1979 1498 2070 promptu
1555 1994 1719 2045 esse
1775 1971 2059 2069 possint
2110 1971 2568 2046 fundationes
2618 1980 2690 2046 et
2720 1971 3129 2069 inscriptio-

221 2119 355 2170 nes
410 2093 1128 2185 Anniversariorum,
1205 2116 1388 2189 quae
1455 2093 1764 2190 sparsim
1837 2116 2027 2168 nunc
2099 2100 2584 2186 asservantur,
2661 2094 3134 2168 decreverunt

219 2215 663 2292 Reverendr
706 2215 1013 2289 Domini
1087 2239 1178 2288 ea
1244 2215 1319 2287 in
1395 2238 1609 2289 unum
1697 2213 1956 2287 librum
2042 2215 2557 2310 describenda,
2648 2217 3133 2312 salariumque

221 2340 536 2415 Notario
592 2361 723 2414 suo
778 2361 911 2434 pro
964 2340 1217 2414 labore
1289 2336 1900 2431 constituendum,
1977 2336 2169 2433 quod
2223 2337 2745 2412 Anniversaria
2799 2362 2931 2437 per
2982 2337 3129 2414 Ve-

221 2460 548 2536 nerabile
625 2459 1034 2558 Capitulum
1112 2467 1452 2555 suscepta
1524 2467 1596 2532 et
1650 2458 1966 2534 nondum
2039 2460 2425 2557 inscripta,
2480 2460 2556 2534 in
2612 2461 2847 2558 spatio
2921 2461 3132 2535 unius

220 2583 509 2657 Mensis
563 2607 654 2657 ex
705 2584 917 2658 Actis
971 2583 1320 2677 colligere
1376 2589 1447 2656 et
1502 2604 1592 2654 ex
1646 2580 1938 2654 decreto
2011 2584 2417 2679 praesentis
2486 2583 2804 2680 Capituli
2858 2584 2933 2658 in
2988 2581 3127 2657 Ca-

219 2705 627 2779 lendarium
681 2706 1099 2793 inscribere,
1157 2713 1229 2778 et
1285 2704 1630 2801 deinceps
1685 2703 2069 2798 diligenter
2121 2705 2193 2779 id
2252 2706 2511 2801 exequi
2567 2704 2817 2802 debet3
2872 2705 2947 2779 in
3003 2728 3130 2802 po-

222 2836 496 2902 sterum
551 2836 783 2903 autem
839 2852 978 2902 non
1038 2827 1520 2924 suscipiantur
1575 2825 1716 2900 duo
1773 2826 2295 2902 Anniversaria
2348 2852 2481 2925 pro
2529 2851 2674 2901 uno
2726 2827 3129 2920 fundatore,

221 2949 354 3024 sed
411 2948 487 3021 id
543 2973 752 3023 unum
811 2958 1033 3044 agant
1082 2948 1403 3023 Praelati
1459 2956 1529 3021 et
1583 2946 1958 3040 Canonici,
2016 2950 2135 3044 qui
2188 2950 2543 3024 intersunt
2594 2950 2667 3022 in
2725 2949 2945 3024 choro
3000 2948 3130 3022 Vi-

219 3070 426 3164 giliis
481 3079 554 3144 et
605 3070 920 3165 Missae,
1001 3079 1072 3145 ut
1125 3093 1256 3168 pro
1311 3070 1550 3143 anima
1622 3070 1945 3144 defuncti
2014 3072 2175 3168 pias
2231 3079 2303 3146 et
2356 3058 2657 3146 devotas
2728 3070 2821 3144 ad
2894 3071 3131 3145 Deum

221 3216 486 3289 preces
557 3193 897 3287 fundant,
963 3200 1036 3267 et
1088 3216 1218 3291 pro
1274 3193 1803 3290 opportunitate
1878 3194 2221 3291 temporis
2294 3194 2383 3269 ad
2458 3196 2694 3270 minus
2764 3192 3131 3267 Psalmum

222 3317 342 3389 De
403 3316 779 3413 profundis
835 3339 995 3389 cum
1052 3314 1379 3389 Collecta
1415 3337 1548 3413 pro
1589 3313 1946 3390 defunctis
2003 3318 2263 3391 devote
2305 3316 2568 3389 dicant.
2630 3316 2839 3405 Quae
2895 3316 3133 3388 omnia

223 3437 637 3515 Reverendi
690 3437 987 3511 Domini
1057 3438 1310 3532 vigore
1368 3436 1667 3527 Statuti,
1743 3436 1932 3531 quod
1989 3437 2159 3512 illas
2216 3438 2730 3536 dispositioncs
2800 3437 3133 3533 antiquas

227 3560 318 3634 de
375 3560 918 3635 Anniversariis
972 3561 1044 3633 in
1104 3560 1356 3633 melius
1413 3559 1893 3633 commutandi
1946 3561 2193 3635 tribuit
2244 3561 2678 3654 facultatem,
2735 3560 2843 3633 sic
2888 3557 3130 3633 mode-

226 3690 387 3755 rata
441 3690 513 3755 ct
563 3683 951 3757 reformata
1007 3705 1171 3757 esse
1225 3681 1623 3756 voluerunt.

1382 3996 1972 4102 CLXXXIV.

321 4200 427 4282 De
481 4200 814 4301 eligendo
866 4198 1520 4300 Administratore,
1585 4202 1807 4284 extra
1863 4204 2184 4303 Regnum
2242 4201 2600 4285 defuncto
2658 4204 3044 4304 Episcopo.

447 4409 626 4486 Cum
684 4420 952 4488 certum
1016 4420 1089 4489 et
1132 4414 1674 4489 determinatum
1729 4422 2010 4513 tempus
2072 4416 2149 4488 in
2196 4411 2499 4489 Statutis
2553 4414 3134 4491 Provincialibus

233 4557 655 4633 expressum
692 4558 835 4611 non
870 4537 1242 4633 habeatur,
1297 4538 1486 4612 infra
1533 4536 1724 4633 quod
1760 4546 2039 4613 mortuo
2085 4537 2270 4611 Loci
2318 4535 2705 4612 Ordinatio
2750 4544 2953 4611 extra
2988 4535 3131 4611 Re-

231 4680 454 4753 gnum
490 4656 860 4755 Poloniae,
899 4683 1036 4757 per
1069 4660 1448 4736 Praelatos
1485 4668 1558 4733 et
1597 4658 2006 4735 Canonicos
2041 4660 2254 4736 huius
2290 4660 2671 4735 Ecclesiae
2708 4659 2800 4732 ad
2841 4658 3132 4733 electio-

229 4804 399 4855 nem
431 4779 1051 4856 Administratoris
1089 4783 1277 4859 Sede
1316 4790 1616 4857 vacante
1655 4782 2188 4879 procedendum
2226 4784 2350 4880 sit3
2389 4790 2805 4879 eapropter
2843 4780 2933 4854 de
2964 4805 3131 4856 con-

234 4926 456 4979 sensu
493 4902 971 4979 Illustrissimi
1012 4914 1084 4979 et
1118 4904 1738 4980 Reverendissimi
1785 4905 2081 4979 Domini
2126 4906 2419 4979 Domini
2464 4904 2818 4979 Bel-nardi
2860 4903 3132 4979 Macie-

232 5025 500 5100 iowski
536 5024 886 5123 Episcopi
925 5026 1455 5119 Cracoviensis,
1495 5026 1974 5102 concordibus
2011 5028 2385 5103 sententiis
2422 5052 2507 5101 ac
2546 5028 2733 5101 votis
2768 5025 3131 5102 Reveren-

237 5146 490 5222 dornm
527 5146 999 5223 Dominorum
1036 5146 1528 5224 Praelatorum
1569 5156 1640 5223 et
1678 5147 2205 5225 Canonicorum
2240 5151 2313 5223 in
2350 5149 2490 5224 hoc
2537 5148 2866 5243 generali
2915 5146 3132 5246 Capi-

235 5269 390 5345 tulo
425 5277 1048 5365 congregatorum,
1099 5277 1436 5346 statutum
1473 5277 1545 5345 et
1580 5270 1942 5346 decretum
1979 5282 2123 5346 est:
2174 5280 2250 5347 ut
2286 5272 2349 5346 si
2386 5270 2791 5368 quempiam
2827 5272 3132 5370 Episco-

237 5413 491 5488 porum
547 5388 1138 5466 Cracovien‘sium
1173 5394 1247 5465 in
1282 5392 1422 5466 hac
1476 5394 1820 5471 Dioecesi
1871 5394 1991 5470 vel
2029 5404 2233 5471 extra
2286 5418 2441 5470 eam
2498 5396 2677 5471 mori
2732 5396 3131 5491 contigerit,
