4055 6364
2078 734 2633 812 -130—

898 972 1156 1047 presso
1194 948 1422 1045 partis
1460 948 1850 1045 utriusque,
1908 947 2435 1046 praenominati
2486 946 2825 1023 videlicet
2877 947 3286 1023 Reverendi
3323 948 3619 1022 Domini
3656 946 3797 1024 Cu-

899 1070 1168 1163 stodis,
1226 1093 1361 1145 nec
1415 1092 1558 1145 non
1614 1066 2198 1145 Sanctuariorum
2252 1071 2572 1168 ipsorum
2628 1094 2721 1144 ex
2775 1077 3079 1166 quatuor
3130 1069 3392 1165 Villis,
3466 1069 3795 1145 nimirum

898 1188 1305 1291 Sezytniki,
1365 1188 1782 1287 Swiatniki,
1841 1189 2087 1267 Grorki
2138 1200 2210 1266 et
2262 1190 2544 1282 Trabki
2566 1247 2586 1283 ,
2639 1192 2927 1267 nomine
2980 1192 3199 1267 totius
3252 1189 3799 1269 Oommmritatis

897 1314 990 1389 ad
1045 1305 1286 1390 actum
1317 1322 1772 1413 praesentem
1806 1314 2233 1391 hodiernum
2270 1338 2363 1391 ex
2398 1312 2733 1389 mandato
2789 1312 3255 1389 Venerabilis
3290 1312 3609 1412 Capituli
3642 1338 3799 1412 pcr-

899 1437 1244 1513 sonaliter
1293 1437 1368 1510 in
1421 1437 1587 1512 loco
1643 1435 2022 1534 capitulari
2076 1436 2621 1510 constitutorum
2662 1457 3021 1509 consensu
3060 1434 3391 1511 manibus
3426 1436 3640 1510 etiam
3677 1437 3796 1511 sti-

902 1559 1166 1657 pulatis
1217 1560 1433 1653 facto,
1491 1560 1881 1633 Decretum
1939 1582 2144 1634 suum
2202 1557 2592 1655 capitalare
2630 1581 2761 1656 per
2796 1557 3081 1632 modum
3135 1559 3637 1655 compromissi
3672 1582 3798 1634 seu

901 1681 1268 1755 arbitralis
1306 1681 1725 1775 sententiae,
1783 1681 2173 1755 accedente
2209 1678 2302 1755 ad
2337 1680 2413 1755 id
2450 1680 3064 1755 Reverendissimi
3104 1680 3398 1755 Domini
3449 1679 3801 1779 Episcopi

899 1803 1416 1879 Cracoviensis
1469 1803 1779 1877 feliciter
1829 1802 2155 1877 moderni
2206 1802 2512 1899 speciali
2564 1802 3102 1898 commissione,
3158 1804 3345 1877 iuter
3398 1804 3795 1901 praenomi-

897 1934 1140 2001 natum
1192 1924 1696 2001 Reverendum
1751 1925 2140 2000 Dominum
2196 1922 2586 1999 Custodem
2646 1922 3203 1999 Cracoviensem
3258 1924 3675 2001 modernum
3728 1934 3799 1999 et

899 2070 1031 2147 pro
1109 2056 1432 2145 tempore
1502 2048 1576 2121 in
1651 2048 1962 2122 futurum
2047 2048 2507 2139 existentem,
2590 2070 2724 2121 nec
2794 2069 2940 2120 non
3012 2043 3479 2122 Sanctum-ios
3546 2046 3799 2122 Eccle-

899 2170 1052 2244 siae
1087 2168 1301 2243 huius
1348 2169 1738 2263 ministros,
1795 2166 2329 2266 praedictarum
2382 2178 2690 2266 quatuor
2724 2169 3054 2243 villarum
3100 2170 3380 2244 incolas
3418 2170 3800 2245 modernos

897 2316 990 2367 ac
1041 2292 1361 2388 ipsorum
1426 2313 1915 2387 successores,
1972 2292 2421 2389 temporibus
2476 2292 2843 2389 perpetuis
2896 2292 3195 2366 firmiter
3248 2301 3320 2367 et
3368 2292 3797 2367 iuviolabili-

899 2422 1010 2488 ter
1082 2437 1212 2510 per
1275 2420 1552 2511 partem
1605 2420 1979 2509 utramque
2050 2415 2187 2489 sub
2260 2413 2516 2511 poenis
2568 2417 2638 2487 in
2694 2414 2945 2488 eodem
3016 2415 3335 2489 Decreto
3406 2415 3793 2512 expressis,

899 2536 1284 2610 tenendum
1341 2544 1414 2609 et
1467 2535 1995 2611 observandum
2052 2537 2403 2629 tulerunt,
2478 2536 3117 2634 pronuntiaverunt
3171 2543 3243 2611 et
3293 2536 3797 2635 promulgave-

898 2666 1081 2750 runt,
1139 2656 1330 2754 quod
1385 2655 1652 2732 ibidem
1709 2658 2201 2755 capitulariter
2252 2659 2328 2733 in
2382 2658 2792 2757 praesentia
2846 2659 3215 2755 utriusque
3268 2659 3497 2756 partis
3532 2682 3622 2733 ac
3658 2666 3795 2733 tes-

897 2780 1071 2853 tium
1123 2779 1741 2877 infrascriptorum
1795 2780 1889 2853 ad
1935 2780 2007 2853 id
2046 2779 2463 2877 specialiter
2514 2788 2929 2855 vocatorum
2986 2789 3057 2855 et
3109 2780 3615 2873 adhibitorum,
3672 2806 3799 2879 pa-

897 2902 1041 2976 lam
1097 2910 1170 2976 et
1221 2901 1510 2998 publice
1580 2901 1844 2976 lectum
1919 2926 2008 2975 ac
2079 2926 2211 2999 per
2282 2909 2654 2998 utramque
2726 2912 3001 3001 partem
3072 2904 3301 2978 libere
3363 2912 3437 2977 et
3488 2905 3803 2979 unanimi

901 3046 1264 3099 consensu
1301 3032 1738 3122 susceptum,
1794 3025 2411 3123 approbatumque
2448 3033 2581 3119 est,
2636 3026 3143 3122 praesentibus
3176 3024 3443 3100 ibidem
3478 3024 3799 3101 Venera-

899 3146 1169 3221 bilibus
1251 3146 1585 3221 Dominis
1637 3144 2031 3222 Valentino
2104 3146 2606 3221 Brzostowski
2668 3146 3000 3222 Plebano
3034 3148 3129 3221 'in
3186 3147 3797 3240 Racziborowice,

899 3269 1396 3346 Mansionario
1425 3277 1496 3343 et
1523 3267 1895 3363 Altarista,
1934 3269 2327 3344 Laurentio
2358 3293 2401 3343 a
2428 3269 2859 3343 Zakroczim
2887 3253 3195 3345 vicario
3214 3279 3285 3346 et
3318 3271 3796 3346 poenitentia-

901 3392 1044 3487 rio,
1125 3392 1176 3467 J
1178 3391 1410 3466 acobo
1465 3415 1510 3466 a
1565 3387 1941 3467 Skolatow
2016 3391 2444 3466 Psalterista
2497 3399 2570 3466 et
2612 3391 3276 3492 Viceprocuratore
3340 3393 3803 3469 Venerabilis

905 3513 1224 3610 Capituli
1262 3511 1791 3608 Cracoviensis‚
1829 3523 1995 3588 actu
2030 3513 2515 3611 Presbyteris,
2556 3524 2627 3590 et
2661 3515 2913 3590 Nobili
2948 3512 3377 3591 Sebastiano
3414 3516 3800 3613 Porebski,

902 3637 1209 3712 testibus
1272 3635 1367 3710 ad
1419 3636 1822 3734 praemissa
1894 3636 2173 3711 vocatis
2229 3645 2301 3710 et
2352 3636 2715 3712 adhibitis.
2809 3636 3035 3712 Cuius
3106 3637 3400 3712 Decreti
3472 3647 3683 3713 tenor
3734 3646 3805 3714 et

831 3777 836 3782 ·
901 3760 1134 3842 series
1183 3757 1523 3834 idiomate
1575 3758 1913 3858 polonico
1982 3759 2327 3856 scriptum
2380 3760 2455 3833 in
2508 3760 2697 3835 libro
2751 3759 3305 3855 Privilegiorum
3375 3760 3684 3836 habetur
3735 3769 3807 3835 et

903 3881 1324 3957 continetur.

903 4140 1314 4226 Privibqiun
1362 4141 1882 4212 confirmationis
1919 4142 2373 4229 compromissi
2414 4142 2587 4212 inter
2624 4143 3061 4214 lieven-endum
3108 4142 3431 4213 mutinum
3470 4141 3805 4214 hiberum

901 4245 1283 4322 honinem·
1345 4246 1694 4319 custodem
1761 4245 2265 4316 cracoviensem
2320 4247 2393 4316 et
2437 4245 2873 4318 sanctuarios
2932 4247 3277 4319 Ecclesiae
3339 4247 3807 4318 cracoviensis

1283 4349 1646 4436 ministros,
1693 4367 1812 4438 per
1855 4349 2231 4420 venerabile
2277 4349 2635 4438 capitulum
2680 4351 3120 4422 cracoviense
3164 4349 3434 4422 factum.

1109 4513 1273 4573 Piotr
1309 4514 1690 4588 Myszkowski
1726 4533 1755 4574 z
1790 4515 1942 4574 leski
1982 4513 2153 4590 Boiej
2194 4513 2414 4589 Biskup
2456 4514 2781 4576 Cracowski
2816 4515 3169 4591 Wszystkim
3214 4513 3589 4590 wezelakiego
3630 4517 3804 4576 stanu

899 4616 1149 4676 ludziom
1185 4618 1206 4676 i
1243 4617 1522 4679 koidemu
1560 4637 1589 4678 z
1627 4619 1850 4680 osobna
1885 4620 2139 4694 komnby
2175 4622 2233 4679 to
2284 4619 2579 4679 wiedziecz
2624 4620 2938 4698 potrzeba,
2998 4623 3187 4680 terasz
3222 4637 3261 4694 y
3296 4619 3611 4695 napothem
3664 4621 3802 4680 ben-

905 4723 1162 4800 dqczym,
1203 4723 1653 4800 oznaimuiemy:
1689 4704 1766 4783 Ze
1804 4741 1934 4782 nam
1973 4725 2203 4800 podany
2239 4725 2389 4784 iesth
2424 4724 2565 4784 listh
2592 4724 2669 4784 ku
2711 4724 3199 4800 poczwierdzeniu
3223 4723 3341 4800 pod
3366 4723 3591 4784 titulem
3622 4743 3665 4802 y·
3688 4726 3808 4802 pie—

903 4827 1088 4900 czecia
1125 4827 1418 4892 wielebusi
1452 4829 1471 4887 i
1509 4828 1748 4888 zacznei·
1776 4827 2024 4902 Capituli
2060 4828 2335 4889 Kosciola
2384 4845 2633 4904 naszego
2682 4829 2987 4904 glownego
3037 4829 3467 4903 Cracowskiego
3517 4831 3809 4891 autentico

903 4932 1164 5008 wydany,
1201 4932 1423 5006 miedzy
1470 4932 1620 5007 Jego
1658 4933 1734 4992 Μ.
1775 4933 1843 4994 Χ.
1885 4933 2297 4994 Woicziechem
2348 4934 2767 5009 Brodzynskim
2823 4933 3155 4994 Custoszem
3205 4933 3625 5015 Cracowskim,
3676 4934 3805 4996 iako

903 5037 1284 5110 dzierzawcza
1311 5053 1388 5102 na
1415 5039 1510 5096 ten
1542 5054 1704 5098 czasz
1733 5037 1877 5096 dobr
1903 5037 1924 5096 i
1954 5037 2057 5097 wsi
2088 5037 2371 5112 Sczytnik,
2402 5019 2691 5118 Swiatnik,
2728 5038 2972 5110 Trabek,
3002 5037 3212 5110 Gorek,
3246 5037 3317 5097 do
3348 5037 3643 5098 Custodiei
3675 5039 3805 5098 Ora÷

905 5141 1174 5202 cowskiei
1210 5141 1606 5217 nalezaczych,
1644 5159 1673 5200 z
1711 5141 1904 5204 iednei
1939 5144 2151 5217 strony‚
2191 5161 2227 5202 a
2253 5143 2599 5218 poddanemi
2645 5159 2708 5202 ze
2738 5143 2841 5202 wsi
2880 5142 3005 5229 insz
3042 5142 3471 5218 mianowanych
3512 5161 3541 5202 z
3582 5144 3809 5220 drugiei

901 5247 1100 5320 strony
1133 5244 1504 5322 uczynionyi
1535 5245 1984 5322 postanowiony,
2023 5246 2461 5322 obmawiaiaczy
2488 5263 2539 5306 w
2567 5237 2759 5308 szobie
2798 5246 3127 5322 powinnosc
3162 5246 3261 5306 tak
3296 5246 3633 5309 kosciolowi
3672 5249 3805 5310 Cra-

902 5350 1271 5430 cowskiemu‚
1299 5350 1432 5410 iako
1463 5354 1587 5410 tesz
1613 5349 1681 5409 X.
1713 5350 2065 5412 Custoszowi
2092 5351 2111 5411 i
2138 5351 2329 5412 innem
2360 5353 2670 5428 napothem
2699 5352 3050 5428 bendaczym
3090 5353 3425 5414 Custoszom
3464 5353 3804 5428 naleiaeza:
