4055 6364
2054 779 2143 792 -.
2261 731 2411 810 194
2495 778 2611 793 .-

871 939 1368 1038 capitulariter
1419 941 1844 1038 congregati
1896 941 2569 1040 animadvertentes,
2626 949 2891 1042 quanto
2926 943 3351 1022 detrimento
3402 953 3477 1022 et
3507 943 3799 1022 incom-

870 1063 1084 1138 modo
1140 1066 1512 1158 bonorum,
1567 1065 1969 1161 iuriumqne
2021 1063 2323 1140 Mensae
2378 1085 2553 1142 suae
2608 1073 2681 1140 et
2730 1065 3114 1142 Ecclesiae
3166 1069 3572 1164 contingat,
3628 1069 3799 1144 Do·

871 1185 1104 1263 minos
1174 1185 1556 1264 Praelatos
1627 1195 1702 1262 et
1754 1184 2167 1264 Canonicos
2236 1213 2281 1262 a
2336 1185 2695 1286 Capitulis
2762 1190 3227 1284 generalibus
3298 1191 3560 1267 abesse
3584 1247 3603 1286 ,
3688 1213 3797 1266 ne

871 1316 1241 1384 crescente
1293 1309 1366 1383 in
1407 1307 1564 1384 dies
1602 1309 2033 1404 calamitate,
2086 1311 2688 1408 gravioribusque
2740 1321 2814 1388 et
2850 1313 3095 1388 arduis
3151 1314 3463 1408 negotiis
3514 1315 3591 1388 in
3639 1311 3795 1388 Ca·

869 1429 1098 1528 pitulo
1132 1430 1458 1524 generali
1507 1429 2000 1529 expediendis,
2056 1433 2753 1530 supervenientibus,
2810 1457 2941 1532 per
2977 1436 3378 1510 absentiam
3428 1436 3795 1510 Domino-

870 1574 1027 1628 rum
1105 1551 1625 1650 Capitularium
1711 1577 1976 1630 causae
2058 1563 2131 1630 et
2200 1557 2513 1650 negotia,
2594 1558 2974 1654 ipsumque
3060 1560 3326 1633 bonum
3408 1581 3795 1633 commune

870 1674 1251 1748 Ecclesiae
1305 1683 1378 1749 et
1429 1673 1748 1773 Capituli
1819 1675 2064 1750 debito
2116 1677 2402 1753 illorum
2459 1677 2723 1772 officio,
2797 1679 3102 1754 consilio
3157 1687 3229 1754 et
3280 1703 3505 1777 opera
3558 1679 3793 1754 desti-

874 1803 1180 1886 tuantur,
1251 1819 1340 1870 ac
1393 1804 1470 1871 ut
1521 1795 1959 1872 Venerabile
2034 1795 2445 1896 Capitulum
2514 1799 2609 1873 ad
2664 1800 2997 1876 obeunda
3069 1801 3591 1898 Deputatorum
3644 1824 3791 1899 pro

873 1917 1255 1993 Tribunali
1315 1917 1551 2012 Regni
1609 1927 1682 1994 et
1733 1919 1878 1994 alia
1929 1920 2172 1994 munia
2240 1921 2796 2017 frequentiorem
2865 1945 3233 1998 numerum
3306 1923 3793 1999 Dominarum

879 2038 1334 2116 Confratrum
1423 2038 1720 2133 habeat,
1796 2041 2277 2118 concordibus
2328 2043 2519 2118 votis
2590 2053 2991 2120 statuerunt
3060 2053 3133 2120 et
3190 2046 3265 2120 in
3319 2047 3467 2120 vim
3522 2042 3797 2120 Statuti

875 2171 1223 2260 perpetuo
1271 2161 1708 2237 observandi
1772 2185 1862 2237 ac
1889 2185 2021 2261 per
2076 2162 2647 2240 Illustrissimum
2698 2167 3083 2243 Dominum
3121 2167 3565 2265 Episcopum
3612 2190 3793 2242 eon-

873 2286 1224 2380 firmandi,
1281 2285 1786 2364 decreverunt:
1845 2297 1920 2364 ut
1956 2288 2220 2363 abhinc
2275 2289 2579 2386 quisque
2634 2289 3107 2365 Dominorum
3161 2289 3657 2392 Praelatorum
3718 2297 3797 2364 et

875 2407 1402 2484 Canonicorum
1456 2408 1795 2506 Capitulo
1847 2411 2175 2506 generali
2228 2411 2532 2505 intersit,
2590 2411 2911 2508 alioquin
2966 2413 3235 2486 absens
3286 2411 3631 2487 inhabilis
3688 2412 3796 2486 sit

877 2531 972 2606 ad
1027 2532 1386 2630 optionem
1444 2532 1724 2606 Domus
1794 2555 1882 2606 ac
1936 2531 2201 2627 Villae,
2276 2555 2459 2629 quae
2530 2531 2955 2609 intermedio
3026 2542 3150 2608 aut
3200 2533 3362 2630 ipso
3418 2533 3797 2630 sequentis

877 2653 1194 2752 Capituli
1246 2660 1566 2750 tempore
1619 2653 1994 2750 inciderit3
2050 2655 2157 2730 illi
2192 2679 2367 2730 vero
2406 2656 2527 2752 qui
2562 2655 2916 2731 beneficio
2952 2654 3165 2732 huius
3216 2655 3532 2753 optionis
3578 2679 3795 2753 prae-

879 2776 1369 2852 stimoniorum
1429 2775 1520 2848 ad
1575 2777 2059 2874 praesentiam
2115 2777 2373 2872 stringi
2428 2801 2567 2852 non
2624 2786 2947 2875 possunt,
3006 2777 3507 2854 emolumentis
3564 2778 3796 2852 omni-

877 2901 1016 2974 bus
1090 2905 1164 2972 et
1233 2897 1848 2973 consolationibus
1923 2899 2443 2996 capitularibus
2512 2901 2587 2979 in
2662 2897 2999 2998 Capitulo
3071 2899 3400 2994 generali
3470 2909 3545 2974 et
3604 2899 3799 2974 alias

879 3031 1200 3120 tempore
1253 3045 1298 3095 a
1354 3019 1693 3119 Capitulo
1747 3043 1922 3097 suae
1994 3022 2391 3115 absentiae,
2465 3021 2559 3095 ad
2616 3043 2927 3118 sequens
2982 3018 3393 3118 Capitulum
3446 3023 3798 3116 generale

885 3163 1012 3221 eos
1065 3142 1685 3237 concernentibus,
1745 3148 2058 3237 careant,
2133 3143 2359 3219 salvis
2414 3151 2649 3219 tamen
2704 3143 3237 3220 refectionibus.
3314 3143 3429 3219 Ne
3482 3143 3793 3242 cuipiam

881 3266 1026 3341 alia
1080 3266 1465 3361 suffragari
1519 3266 1778 3341 debeat
1832 3290 2054 3341 causa
2107 3275 2179 3340 et
2215 3268 2585 3343 excusatio
2640 3264 3032 3361 absentiae,
3088 3267 3304 3363 idque
3352 3289 3496 3340 non
3540 3268 3683 3341 nisi
3718 3266 3793 3339 in

881 3386 1218 3486 Capitulo
1273 3387 1598 3483 generali
1650 3387 1972 3461 velante
2009 3389 2373 3485 optionem
2427 3389 2773 3463 incidenti
2827 3388 3215 3483 ordinario,
3276 3390 3502 3463 verbo
3549 3410 3790 3463 sacer-

881 3510 1104 3585 dotali
1158 3535 1288 3609 per
1321 3519 1585 3584 tactum
1641 3511 1956 3608 pectoris
2009 3510 2479 3605 legitimanda
2534 3519 2827 3608 propter
2877 3511 3363 3607 infrascripta,
3418 3511 3791 3585 infirmita·

883 3634 977 3708 tis
1014 3632 1366 3727 nimirum,
1424 3633 1684 3730 pestis,
1743 3633 2057 3729 bellique
2105 3632 2605 3730 periculorum,
2660 3634 2831 3724 litis,
2886 3633 3307 3729 rationeque
3358 3633 3620 3707 iurium
3670 3640 3797 3707 aut

881 3755 1294 3830 iniuriarum
1349 3755 1752 3849 Ecclesiae,
1807 3763 1949 3829 tam
2003 3754 2239 3850 huius,
2298 3778 2508 3852 quam
2564 3756 2881 3844 alterius,
2936 3756 3011 3829 in
3068 3756 3328 3852 quibus
3382 3755 3793 3852 personalis

883 3877 976 3951 ad
1029 3878 1426 3951 iuramenta
1496 3876 1934 3975 praestanda
2004 3878 2391 3973 requiritur
2442 3878 2852 3974 praesentia
2908 3885 2979 3951 et
3032 3876 3473 3974 comparitio,
3552 3876 3791 3950 flumi-

883 4023 1052 4075 num
1103 3999 1475 4097 insperata
1545 3999 2018 4092 exundantia,
2104 4023 2245 4095 qua
2296 3999 2528 4095 ipsius
2583 3998 3127 4096 praepediretur
3198 3998 3593 4091 adventus,
3671 4005 3799 4073 aut

888 4122 1056 4218 qnia
1117 4122 1192 4194 in
1247 4122 1489 4195 officio
1561 4121 1994 4216 negotioque
2068 4120 2387 4217 Capituli
2443 4128 2513 4193 et
2566 4120 2947 4195 Ecclesiae
3026 4121 3241 4196 huius
3310 4120 3653 4195 existeret
3706 4142 3796 4193 eo

886 4253 1235 4340 tempore.
1313 4240 1884 4343 subscriptionis
1930 4267 2104 4319 vero
2150 4242 2220 4317 N
2224 4242 2434 4317 otarii
2480 4250 2686 4316 tenor
2722 4242 2891 4316 talis
2938 4244 3283 4339 sequitur.
3339 4241 3483 4337 Th,
3523 4242 3797 4315 Baran-

884 4365 1168 4439 kowicz
1224 4364 1286 4438 I.
1343 4362 1442 4439 U.
1503 4367 1597 4438 D.
1637 4363 1983 4438 Actorum
2018 4364 2478 4439 Venerabilis
2516 4362 2835 4461 Capituli
2874 4364 3387 4440 Cracoviensis
3422 4364 3791 4438 Notarius.

885 4486 1066 4562 Post
1117 4486 1320 4561 cuius
1374 4487 1666 4583 quidem
1723 4484 1984 4563 Statuti
2040 4487 2711 4584 praesentationem,
2770 4487 2923 4561 suis
2971 4495 3042 4561 et
3076 4487 3297 4561 totius
3334 4484 3799 4561 Venerabilis

890 4606 1208 4706 Capituli
1257 4610 1730 4707 suprascripti
1765 4609 2173 4683 nominibus
2210 4608 2592 4705 petierunt,
2642 4617 2994 4704 quatenus
3030 4607 3103 4681 id
3144 4605 3498 4682 Statutum
3545 4606 3796 4681 autho-

886 4731 1096 4806 ritate
1167 4738 1414 4805 nostra
1487 4732 1848 4805 ordinaria
1918 4730 2341 4806 confirmare
2415 4730 2895 4825 dignaremur.
2981 4730 3141 4805 Nos
3192 4751 3368 4804 vero
3443 4725 3797 4803 Statutum

889 4851 1240 4928 eiusmodi
1292 4877 1337 4927 a
1371 4852 1604 4928 Nobis
1658 4853 1858 4951 prius
1911 4852 2303 4951 perlectum
2362 4860 2433 4927 et
2467 4854 2695 4949 probe
2749 4853 3180 4948 trutinatum,
3238 4851 3343 4925 uti
3394 4851 3468 4925 in
3507 4849 3797 4925 eviden-

887 4974 1030 5050 tem
1095 4974 1474 5049 Ecclesiae
1545 4984 1836 5050 nostrae
1908 4976 2285 5049 utilitatem
2357 4975 2753 5070 conditum,
2837 4973 3395 5049 confirmandum
3460 4982 3533 5047 et
3580 4973 3803 5048 robur

888 5104 1280 5197 perpetuae
1333 5097 1692 5174 firmitatis
1745 5098 1977 5171 eidem
2033 5096 2537 5194 apponendum
2593 5120 2758 5172 esse
2814 5096 3181 5190 duximus,
3240 5096 3343 5171 uti
3381 5094 3671 5192 quidem
3724 5096 3801 5168 in

888 5219 1034 5293 Dei
1069 5220 1353 5295 nomine
1389 5219 1912 5313 confirmamus,
1969 5227 2184 5316 atque
2222 5220 2314 5294 ab
2352 5220 2683 5295 omnibus
2721 5224 2795 5293 et
2829 5218 3139 5313 singulis
3193 5217 3529 5292 Dominis
3576 5216 3799 5292 Prae-

751 5382 755 5386 -
890 5328 1060 5415 latis
1113 5349 1185 5416 et
1223 5339 1635 5435 Canonicis,
1689 5349 1980 5440 totoque
2034 5341 2457 5418 Venerabili
2512 5338 2849 5439 Capitulo
2904 5340 3395 5439 suprascripto
3430 5338 3804 5437 perpetuis
