4055 6364
2079 808 2185 821 -—
2296 762 2640 841 126-

921 973 1140 1050 alicui
1193 973 1512 1052 cuiusvis
1563 973 1970 1071 dignitatis,
2036 974 2491 1052 authoritatis
2542 982 2617 1051 et
2667 976 3273 1075 praeeminentiae
3338 998 3693 1074 personae
3744 978 3824 1053 in

921 1118 1098 1171 usus
1135 1118 1261 1171 seu
1301 1104 1507 1171 actus
1553 1098 1852 1194 quosvis
1887 1100 2235 1196 profanos
2272 1098 2709 1192 saeculares,
2758 1099 3215 1196 quantumvis
3251 1100 3600 1194 celebres,
3648 1122 3823 1175 con-

921 1218 1288 1313 cedantur,
1341 1218 1799 1295 unanimibus
1839 1221 1993 1295 suis
2032 1221 2223 1295 votis
2258 1229 2333 1295 et
2378 1221 2754 1296 sententiis
2808 1220 3286 1297 decreverunt
3338 1229 3411 1296 et
3444 1222 3822 1302 concluse-

919 1348 1104 1434 runt,
1159 1341 1638 1437 Dominisque
1683 1340 2296 1418 Vicecustodibus
2350 1343 2731 1418 Ecclesiae
2781 1343 2993 1419 huius
3031 1368 3164 1441 per
3196 1344 3581 1420 Dominum
3638 1344 3821 1419 Pro-

919 1470 1317 1539 curatorem
1371 1486 1576 1541 snum
1642 1466 2055 1559 generalem
2128 1464 2599 1562 capitularem
2656 1465 2851 1543 serio
2920 1466 3445 1542 interdixerunt
3496 1492 3585 1541 ac
3632 1466 3821 1543 inhi-

917 1586 1246 1661 buerunt.

2194 1774 2541 1878 CXLV.

916 1980 1237 2086 Tempus
1290 1982 1719 2068 vacationis
1774 1984 2473 2085 praestimoniorum
2537 2004 2587 2067 a
2639 1982 2757 2067 ιΙΙο
2813 1984 3082 2068 mortis
3136 1985 3468 2068 Praelati
3525 2004 3824 2089 compu-

1301 2103 1625 2191 tandum.
1680 2105 1888 2189 Anno
1943 2105 2217 2190 Domini
2272 2106 2488 2189 1583.
2546 2106 2675 2187 Die
2728 2106 3046 2191 Veneris
3104 2107 3173 2187 17
3227 2107 3425 2189 lunii.

1123 2317 1516 2414 Postquam
1569 2318 1644 2393 in
1698 2314 2049 2391 hodierno
2122 2315 2460 2414 Capitulo
2524 2340 2657 2393 suo
2712 2315 3078 2394 ordinario
3130 2342 3177 2392 a
3227 2317 3564 2393 Dominis
3634 2319 3823 2395 Pro-

917 2440 1368 2515 curatoribus
1421 2439 1574 2515 suis
1629 2439 2150 2535 capitularibus
2202 2438 2733 2514 intellexissent
2784 2439 3199 2515 Reverendi
3250 2439 3549 2515 Domini
3600 2438 3825 2537 Capi-

918 2561 1191 2637 tulares
1244 2560 1336 2635 de
1374 2569 1446 2636 et
1479 2584 1700 2659 super
1749 2561 2056 2636 termino
2112 2560 2203 2635 ad
2257 2562 2666 2636 faciendam
2718 2562 3289 2638 distributionem
3340 2572 3412 2637 et
3455 2564 3829 2660 optionem

918 2683 1160 2759 Villae
1215 2684 1828 2781 praestimonialis
1881 2683 2217 2779 Viciaze‚
2276 2708 2411 2758 nec
2468 2706 2607 2759 non
2663 2686 2947 2759 Domus
3014 2685 3457 2759 canonicalis
3510 2695 3583 2759 et
3632 2684 3831 2759 horti

919 2805 1357 2902 capitularis,
1413 2814 1642 2882 morte
1690 2805 1858 2881 olim
1896 2785 2309 2881 Reverendi
2362 2806 2669 2901 Zbignci
2724 2806 3181 2882 Ziolkowski
3232 2806 3583 2881 Canonici
3636 2805 3825 2881 Cra-

919 2927 1302 3019 coviensis,
1359 2928 1852 3025 praestimonii
1907 2930 2189 3005 Domus
2232 2952 2323 3003 ac
2358 2928 2549 3003 horti
2600 2928 2951 3026 praedicti
3006 2930 3237 3005 ultimi
3288 2954 3377 3003 ac
3429 2927 3831 3004 immediati

915 3051 1391 3149 possessoris,
1448 3052 1589 3125 iam
1645 3074 1778 3151 per
1812 3074 2025 3125 unum
2063 3051 2419 3144 integrum
2475 3074 2794 3124 mensem
2832 3074 2877 3125 a
2912 3050 3029 3127 die
3066 3052 3317 3127 mortis
3357 3052 3592 3149 ipsius
3628 3074 3827 3127 com-

919 3174 1265 3273 putando,
1323 3174 1766 3268 vacantium,
1843 3172 2179 3249 citatione
2230 3173 2559 3269 generali
2618 3174 2693 3247 in
2751 3173 2894 3249 vim
2967 3172 3232 3248 Cridae
3290 3173 3688 3272 praemissa
3748 3182 3835 3248 et

920 3297 1309 3394 publicata,
1367 3297 1690 3394 praefixo
1727 3304 1798 3370 et
1835 3296 2232 3390 assignato,
2287 3295 3007 3392 informationemque
3045 3296 3523 3394 accepissent,
3577 3297 3829 3370 termi-

915 3441 1091 3495 num·
1135 3418 1325 3494 hunc
1379 3441 1522 3494 non
1578 3417 1671 3494 ad
1727 3419 1914 3492 diem
1970 3417 2423 3508 hodiernam,
2494 3419 2599 3492 uti
2651 3419 2809 3493 fieri
2864 3418 3151 3508 debuit,
3207 3441 3452 3492 verum
3508 3418 3601 3494 ad
3655 3443 3828 3516 pro-

917 3541 1106 3615 xime
1160 3541 1470 3616 futuram
1523 3541 1712 3617 diem
1767 3539 2277 3637 capitularem,
2336 3540 2519 3615 alias
2571 3541 2825 3615 feriam
2880 3548 3179 3633 sextam,
3236 3563 3420 3637 quae
3476 3541 3609 3615 erit
3662 3541 3833 3616 dies

919 3662 1015 3738 23
1071 3664 1283 3740 huius
1335 3663 1640 3758 Mensis,
1695 3661 2037 3756 incidere,
2094 3660 2311 3758 idque
2366 3662 2632 3738 factum
2688 3687 2853 3739 esse
2908 3663 3219 3760 quodam
3274 3685 3517 3738 errore
3572 3669 3839 3738 contra

917 3784 1462 3884 dispositionem
1519 3783 1780 3860 Statuti
1835 3808 2057 3881 super
2108 3784 2465 3860 faciendis
2520 3787 2931 3883 optionibus
2985 3785 3654 3882 praestimoniorum
3692 3807 3831 3858 va-

917 3908 1198 3983 catione
1253 3908 1510 4004 quovis
1563 3906 1776 3984 modo
1828 3907 2395 4001 occurrentium,
2452 3907 2666 4003 editi,
2724 3907 2917 4004 quod
2974 3907 3311 4004 disponit,
3368 3907 3831 3982 vacationem

919 4031 1410 4127 praestimonii
1463 4038 1586 4106 aut
1639 4028 1916 4123 domus,
1973 4037 2123 4104 tum
2178 4038 2251 4104 et
2296 4031 2604 4127 spatium
2659 4030 2933 4105 mensis
2968 4055 3013 4103 a
3050 4028 3167 4104 die
3221 4029 3473 4103 mortis
3524 4028 3838 4103 Domini

920 4152 1240 4226 Praelati
1293 4175 1423 4228 seu
1475 4150 1826 4228 Canonici
1898 4161 2312 4249 computare
2386 4152 2691 4249 debere,
2764 4159 3063 4251 propter
3135 4174 3349 4249 quam
3418 4150 3837 4246 longiorem

921 4275 1473 4373 protractionem
1542 4273 1951 4349 huiusmodi
2022 4274 2305 4350 termini
2378 4299 2551 4350 cura
2626 4275 3091 4350 oeconomica
3158 4275 3235 4349 in
3308 4273 3837 4371 praestimonio

920 4395 1328 4471 huiusmodi
1399 4396 1791 4492 negligitur
1843 4403 1915 4471 et
1965 4396 2258 4471 labores
2328 4398 2463 4472 sub
2535 4398 2674 4472 hoc
2736 4405 3019 4495 tempus
3091 4386 3618 4494 pernecessarii
3690 4417 3841 4492 per

923 4518 1433 4594 diuturniorem
1486 4518 1936 4594 vacationem
1989 4520 2577 4615 intermittuntur,
2633 4518 3044 4594 Reverendi
3096 4518 3397 4593 Domini
3450 4515 3838 4614 Capitula-

923 4663 1042 4716 res
1093 4642 1336 4736 itaque
1388 4664 1468 4716 re
1523 4640 1876 4717 eiusmodi
1927 4645 2113 4718 bene
2168 4651 2239 4716 et
2291 4651 2565 4716 mature
2620 4640 3106 4734 considerata,
3165 4638 3843 4734 deliberationeque

921 4763 1110 4837 inter
1163 4786 1244 4838 se
1295 4764 1611 4860 longiori
1663 4787 1882 4862 super
1931 4764 2073 4838 hoc
2127 4764 2584 4861 praehabita,
2640 4763 3313 4860 computationeque
3369 4761 3640 4836 dierum
3692 4784 3841 4836 va-

925 4885 1231 4960 cationis
1273 4884 1626 4986 praedicti
1679 4887 2176 4983 praestimonii
2229 4886 2511 4961 Domus
2564 4910 2651 4960 ac
2686 4886 2877 4961 horti
2912 4909 2956 4959 a
2994 4883 3109 4959 die
3146 4884 3401 4960 mortis
3454 4883 3625 4958 olim
3670 4905 3843 4959 me-

926 5009 1180 5083 morati
1213 5007 1626 5084 Reverendi
1661 5009 1968 5103 Zbignei
2001 5008 2460 5084 Ziolkowski
2497 5009 2711 5102 facta,
2752 5016 3255 5106 compererunt
3280 5007 3653 5081 terminum
3692 5027 3841 5106 op-

835 5195 852 5204 ,
924 5130 1142 5206 tionis
1193 5131 1287 5206 ad
1342 5131 1531 5206 diem
1584 5130 2003 5206 hodiernam
2071 5131 2391 5227 legitime
2446 5131 2830 5229 incidisse,
2908 5131 3039 5206 sed
3096 5131 3333 5205 minus
3386 5135 3596 5203 cauta
3647 5149 3840 5224 qua-

925 5253 1088 5327 dam
1145 5251 1720 5330 consideratione
1773 5263 1844 5328 et
1896 5256 2242 5351 temporis
2296 5254 2799 5352 supputatione
2860 5253 3151 5348 longius
3203 5251 3295 5326 ad
3350 5253 3659 5327 futuram
3714 5253 3837 5328 fe-

923 5375 1102 5450 riam
1139 5383 1416 5452 sextam
1467 5385 1900 5473 protractum
1938 5399 2126 5450 esse.
2184 5375 2660 5451 Providentes
2712 5376 2787 5450 in
2821 5376 3063 5450 futura
3116 5381 3461 5471 tempora,
3517 5395 3608 5446 ne
3650 5395 3845 5450 cura
