4055 6364
2094 769 2565 846 -4-

874 976 1244 1074 habeatur,
1319 979 1694 1054 statuimus
1748 987 1827 1054 ut
1876 978 2200 1054 adinstar
2252 978 2512 1054 Matris
2583 977 2953 1077 Supernae
3007 976 3080 1052 in
3134 984 3384 1052 nostra
3434 973 3787 1050 Ecclesia

875 1098 1042 1174 dum
1080 1101 1153 1175 in
1190 1123 1278 1176 ea
1317 1100 1560 1175 divina
1604 1098 1934 1176 Misteria
1988 1109 2463 1199 perag-nutum
2520 1099 2842 1176 Maiores
2893 1105 3139 1198 utpote
3192 1097 3495 1174 Fratres
3546 1096 3789 1172 nostri

875 1220 1195 1298 Praelati
1267 1231 1339 1299 et
1408 1222 1757 1298 Canonici
1818 1222 1894 1296 in
1948 1221 2135 1298 locis
2200 1232 2271 1298 et
2320 1224 2577 1299 formis
2648 1221 3143 1321 superioribus
3164 1279 3181 1314 ,
3254 1220 3533 1296 Vicarii
3601 1241 3787 1292 vero

872 1343 949 1416 in
1018 1344 1522 1440 inferioribus,
1597 1353 1670 1420 et
1705 1341 2130 1428 ‚scholares
2193 1346 2268 1418 in
2323 1344 2559 1421 medio
2642 1344 2905 1438 Chori,
2978 1367 3099 1419 ne.
3142 1367 3233 1418 ex
3304 1341 3789 1440 permixtione

877 1489 1120 1541 eorum
1177 1467 1528 1565 quaedam
1580 1465 1988 1543 inordinata
2042 1467 2449 1543 coniunctio
2514 1467 2835 1560 resultet,
2891 1489 2973 1541 se
3028 1466 3339 1540 debeant
3392 1463 3785 1554 collocare,

877 1610 1090 1664 secus
1146 1590 1498 1664 facientes
1549 1612 1680 1688 per
1732 1589 2105 1664 Decanum
2160 1595 2481 1664 nostrum
2528 1589 2647 1664 vel
2684 1589 2841 1666 eius
2894 1586 3488 1683 Vicesger'entem
3541 1607 3785 1684 poena

877 1707 1125 1786 debita
1176 1713 1579 1811 puniantur.

2280 2039 2391 2150 V.

986 2221 1092 2332 De
1147 2247 1400 2331 habitu
1458 2249 1542 2331 et
1593 2247 1942 2338 tonsura·
1967 2246 2484 2361 Praeiatorum
2542 2248 2627 2330 et
2684 2247 3215 2332 canonicorum
3280 2245 3673 2330 Ecclesiae

2053 2369 2603 2455 cracoviensis.

1096 2580 1456 2672 Quoniam
1512 2578 1841 2656 Clericos
1893 2581 1966 2655 in
2023 2589 2290 2657 sortem
2345 2582 2639 2657 Domini
2696 2582 2969 2657 electos
3022 2587 3303 2679 oportet
3353 2604 3484 2679 per
3521 2580 3780 2656 decen-

875 2688 1052 2781 tiam
1122 2703 1411 2779 habitus
1466 2703 1890 2798 extrinseci,
1969 2727 2240 2779 morum
2294 2705 2755 2779 intrinsecam
2839 2703 3227 2780 ostendere
3301 2702 3779 2796 honestatem,

885 2825 1266 2921 dirigendo
1345 2824 1577 2899 laicos
1647 2826 1969 2901 moribus
2050 2828 2261 2902 bonis
2334 2836 2405 2902 et
2474 2827 2851 2926 exemplis.
2942 2823 3260 2901 Proinde
3333 2827 3443 2901 sic
3516 2823 3781 2899 dudum

880 2949 1116 3024 literis
1166 2948 1436 3023 nostris
1487 2948 1731 3044 itaque
1784 2945 1922 3022 hac
1979 2946 2508 3024 Constitutione
2561 2950 2633 3022 in
2691 2956 3110 3047 perpetuum
3177 2946 3489 3021 valitura
3540 2947 3781 3043 prohi-

883 3071 1138 3146 bemus
1191 3093 1558 3168 expresse,
1617 3078 1695 3145 ut
1749 3069 1989 3146 nullus
2045 3071 2467 3166 dignitatem
2524 3094 2650 3146 seu
2708 3077 3169 3168 personatum
3224 3070 3599 3163 obtinens,
3668 3067 3782 3143 vel

885 3192 1319 3287 Canonicus,
1377 3193 1728 3269 Altarista
1779 3202 1903 3269 aut
1953 3192 2295 3268 Vicarius
2348 3193 2467 3268 vel
2521 3193 2823 3290 quilibet
2875 3193 3347 3279 beneficiatus
3398 3192 3785 3266 Ecclesiae

887 3324 1182 3391 nostrae
1236 3314 1787 3411 Cracoviensis,
1861 3314 2025 3391 dum
2082 3316 2155 3389 in
2207 3316 2372 3413 ipsa
2426 3314 2815 3390 Missarum
2889 3314 3242 3391 solemnia
3294 3337 3426 3389 seu
3478 3313 3625 3388 alia
3679 3311 3781 3386 di-

885 3438 1054 3513 vina
1108 3435 1372 3512 Officia
1429 3438 1913 3533 celebrantur,
1980 3460 2135 3511 eam
2194 3437 2349 3511 sine
2405 3434 2915 3537 Superpillicio
2986 3446 3108 3515 aut
3181 3436 3439 3537 Cappa
3501 3434 3786 3511 decenti

891 3569 962 3635 et
1013 3570 1311 3635 tonsura
1383 3560 1740 3654 clericali,
1817 3583 2026 3657 quam
2105 3582 2327 3656 nsque
2398 3560 2491 3634 ad
2564 3585 2780 3636 aures
2845 3571 2917 3635 et
2970 3585 3219 3659 parum
3289 3561 3481 3635 iufra
3550 3558 3783 3633 deter-

843 3674 848 3677 ’
884 3683 1260 3775 minamus,
1314 3682 1597 3779 ingredi
1636 3705 1918 3779 quoque
1963 3682 2177 3755 modo
2214 3692 2693 3779 praesumant,
2750 3684 3069 3781 alioquin
3106 3684 3339 3781 ipsam
3376 3682 3783 3757 Ecclesiam

885 3804 1044 3880 sine
1099 3804 1382 3879 decenti
1435 3804 1720 3897 habitu,
1794 3812 1875 3880 ut
1937 3804 2363 3901 premissum
2440 3814 2553 3880 est
2597 3803 3091 3901 ingredientes
3161 3804 3583 3880 sententiam
3658 3826 3784 3876 ex·

886 3927 1554 4002 communicationis
1608 3928 2011 4021 incurrant,
2092 3925 2257 4023 ipso
2309 3927 2504 4000 facto
2559 3926 2793 4006 Nobis
2866 3928 3210 4002 duntaxat
3270 3948 3516 4002 eorum
3571 3926 3781 4023 abso-

883 4048 1152 4124 lutione
1207 4058 1600 4124 reservata.
1693 4048 1858 4122 Non
1935 4047 2287 4122 habentes
2359 4070 2532 4124 vero
2604 4040 2971 4124 tonsuram
3037 4048 3352 4123 debitam
3425 4071 3556 4147 per
3609 4047 3781 4121 heb·

886 4171 1374 4245 domadarium
1431 4170 1952 4267 Evangelicum
2009 4170 2483 4268 expellantur.
2552 4170 2696 4261 Qui
2751 4174 2816 4247 si
2868 4173 3035 4247 inde
3092 4172 3359 4270 expelli
3413 4168 3787 4249 commode

887 4316 1028 4367 non
1115 4294 1466 4392 poterint,
1552 4316 1720 4367 mox
1804 4303 2094 4368 cessent
2172 4316 2218 4366 a
2291 4293 2619 4387 Divinis,
2707 4318 2890 4389 quae
2970 4302 3208 4370 tamen
3290 4300 3461 4393 post
3538 4315 3783 4367 eorum

891 4396 1154 4490 exitum
1231 4416 1460 4490 libero
1533 4423 2051 4499 reasumantnr.
2140 4413 2614 4490 Celebrantes
2686 4423 2920 4490 autem
2993 4418 3089 4491 in.
3121 4416 3373 4492 eadem
3447 4414 3786 4489 Ecclesia

889 4559 1129 4611 coram
1198 4538 1464 4613 talibus
1534 4538 1628 4612 ab
1697 4538 2037 4632 ingressu
2108 4537 2489 4612 Ecclesiae
2569 4539 2733 4635 ipso
2813 4540 3007 4614 facto
3080 4563 3160 4615 se
3231 4538 3565 4613 noverint
3631 4536 3787 4609 fore

837 4757 844 4763 .
888 4682 1314 4756 suspensos,
1372 4660 1600 4734 donec
1652 4684 1783 4759 per
1837 4660 2016 4755 Nos,
2074 4660 2435 4755 condigna
2488 4662 2927 4758 poenitentia
2980 4663 3297 4738 iniuncta
3351 4660 3618 4736 fuerint
3668 4682 3779 4733 re-

889 4778 1138 4853 stituti.
1204 4778 1664 4856 Permitimus
1735 4782 2203 4857 nihilominus
2256 4792 2333 4858 ut
2385 4781 2823 4859 Cancellarii
2876 4793 2948 4860 et
2998 4785 3434 4859 Familiares
3492 4780 3789 4857 Domini

889 4901 1117 4977 nostri
1186 4902 1416 4998 Regis
1498 4902 1844 4978 Poloniae
1908 4929 2066 4980 cum
2141 4907 2304 5003 ipso
2384 4906 2656 4982 Missas
2730 4909 2885 4982 sine
2958 4902 3489 5005 Superpilliciis
3558 4904 3789 4978 libere

891 5026 1176 5123 possint
1229 5024 1476 5101 audire
1529 5027 1604 5100 in
1657 5026 1997 5103 Ecclesia
2052 5036 2299 5103 nostra
2351 5030 2721 5126 praedicta
2775 5039 3155 5128 postquam
3214 5028 3503 5104 Summa
3554 5026 3791 5100 Missa

891 5146 1209 5222 choralis
1263 5156 1332 5223 et
1386 5148 1564 5224 hora
1619 5138 1824 5225 sexta
1877 5152 1996 5226 vel
2052 5175 2241 5227 nona
2294 5152 2559 5226 fuerint
2612 5152 2993 5250 completa.
