<?xml version="1.0" encoding="UTF-8"?>
<!DOCTYPE html PUBLIC "-//W3C//DTD XHTML 1.0 Transitional//EN"
    "http://www.w3.org/TR/xhtml1/DTD/xhtml1-transitional.dtd">
<html xmlns="http://www.w3.org/1999/xhtml" xml:lang="en" lang="en">
 <head>
  <title>
</title>
<meta http-equiv="Content-Type" content="text/html;charset=utf-8" />
  <meta name='ocr-system' content='tesseract 3.04.00' />
  <meta name='ocr-capabilities' content='ocr_page ocr_carea ocr_par ocr_line ocrx_word'/>
</head>
<body>
  <div class='ocr_page' id='page_1' title='image "./statutacapitula00nykogoog_0116.png"; bbox 0 0 4055 6364; ppageno 0'>
   <div class='ocr_carea' id='block_1_1' title="bbox 1428 672 1951 753">
    <p class='ocr_par' dir='ltr' id='par_1_1' title="bbox 1428 672 1951 753">
     <span class='ocr_line' id='line_1_1' title="bbox 1428 672 1951 753; baseline 0 -18"><span class='ocrx_word' id='word_1_1' title='bbox 1428 672 1951 753; x_wconf 74' lang='lat'><strong>-93-</strong></span> 
     </span>
    </p>
   </div>
   <div class='ocr_carea' id='block_1_2' title="bbox 238 884 3144 5372">
    <p class='ocr_par' dir='ltr' id='par_1_2' title="bbox 238 884 3144 4044">
     <span class='ocr_line' id='line_1_2' title="bbox 242 884 3138 987; baseline -0.001 -22"><span class='ocrx_word' id='word_1_2' title='bbox 242 890 476 984; x_wconf 86' lang='lat' dir='ltr'><strong>etiam,</strong></span> <span class='ocrx_word' id='word_1_3' title='bbox 532 888 669 965; x_wconf 88' lang='lat' dir='ltr'><strong>sub</strong></span> <span class='ocrx_word' id='word_1_4' title='bbox 706 889 937 963; x_wconf 87' lang='lat' dir='ltr'><strong>altera</strong></span> <span class='ocrx_word' id='word_1_5' title='bbox 982 894 1257 964; x_wconf 89' lang='lat' dir='ltr'><strong>tantum</strong></span> <span class='ocrx_word' id='word_1_6' title='bbox 1312 888 1557 987; x_wconf 86' lang='lat' dir='ltr'><strong>specie</strong></span> <span class='ocrx_word' id='word_1_7' title='bbox 1610 892 1835 963; x_wconf 88' lang='lat' dir='ltr'><strong>totum</strong></span> <span class='ocrx_word' id='word_1_8' title='bbox 1888 894 2106 984; x_wconf 88' lang='lat' dir='ltr'><strong>atque</strong></span> <span class='ocrx_word' id='word_1_9' title='bbox 2157 887 2518 982; x_wconf 85' lang='lat' dir='ltr'><strong>integrum</strong></span> <span class='ocrx_word' id='word_1_10' title='bbox 2573 884 2960 980; x_wconf 76' lang='lat' dir='ltr'><strong>Christum,</strong></span> <span class='ocrx_word' id='word_1_11' title='bbox 3017 906 3138 961; x_wconf 84' lang='lat' dir='ltr'><strong>ve-</strong></span> 
     </span>
     <span class='ocr_line' id='line_1_3' title="bbox 240 990 3134 1110; baseline -0.001 -23"><span class='ocrx_word' id='word_1_12' title='bbox 240 1036 529 1110; x_wconf 88' lang='lat' dir='ltr'><strong>rumque</strong></span> <span class='ocrx_word' id='word_1_13' title='bbox 582 1010 1122 1087; x_wconf 75' lang='lat' dir='ltr'><strong>Sacramentum</strong></span> <span class='ocrx_word' id='word_1_14' title='bbox 1158 1011 1367 1087; x_wconf 90' lang='lat' dir='ltr'><strong>sumi.</strong></span> <span class='ocrx_word' id='word_1_15' title='bbox 1425 1009 1859 1088; x_wconf 80' lang='lat' dir='ltr'><strong>Constanter</strong></span> <span class='ocrx_word' id='word_1_16' title='bbox 1905 1019 2118 1087; x_wconf 89' lang='lat' dir='ltr'><strong>teneo</strong></span> <span class='ocrx_word' id='word_1_17' title='bbox 2172 990 2683 1107; x_wconf 82' lang='lat' dir='ltr'><strong>Purgatorium</strong></span> <span class='ocrx_word' id='word_1_18' title='bbox 2739 1032 2928 1101; x_wconf 87' lang='lat' dir='ltr'><strong>esse,</strong></span> <span class='ocrx_word' id='word_1_19' title='bbox 2983 1008 3134 1085; x_wconf 84' lang='lat' dir='ltr'><strong>ani·</strong></span> 
     </span>
     <span class='ocr_line' id='line_1_4' title="bbox 244 1128 3140 1233; baseline -0.002 -22"><span class='ocrx_word' id='word_1_20' title='bbox 244 1160 535 1233; x_wconf 83' lang='lat' dir='ltr'><strong>masque</strong></span> <span class='ocrx_word' id='word_1_21' title='bbox 586 1135 855 1210; x_wconf 85' lang='lat' dir='ltr'><strong>ibidem</strong></span> <span class='ocrx_word' id='word_1_22' title='bbox 912 1134 1242 1209; x_wconf 85' lang='lat' dir='ltr'><strong>detentas</strong></span> <span class='ocrx_word' id='word_1_23' title='bbox 1295 1133 1614 1209; x_wconf 89' lang='lat' dir='ltr'><strong>fidelium</strong></span> <span class='ocrx_word' id='word_1_24' title='bbox 1686 1134 2056 1229; x_wconf 80' lang='lat' dir='ltr'><strong>suffragiis</strong></span> <span class='ocrx_word' id='word_1_25' title='bbox 2105 1133 2377 1229; x_wconf 83' lang='lat' dir='ltr'><strong>iuvari3</strong></span> <span class='ocrx_word' id='word_1_26' title='bbox 2455 1132 2784 1207; x_wconf 86' lang='lat' dir='ltr'><strong>similiter</strong></span> <span class='ocrx_word' id='word_1_27' title='bbox 2837 1138 2908 1207; x_wconf 91' lang='lat' dir='ltr'><strong>et</strong></span> <span class='ocrx_word' id='word_1_28' title='bbox 2960 1128 3140 1205; x_wconf 88' lang='lat' dir='ltr'><strong>San-</strong></span> 
     </span>
     <span class='ocr_line' id='line_1_5' title="bbox 241 1252 3138 1352; baseline -0.002 -18"><span class='ocrx_word' id='word_1_29' title='bbox 241 1268 388 1334; x_wconf 88' lang='lat' dir='ltr'><strong>etos</strong></span> <span class='ocrx_word' id='word_1_30' title='bbox 442 1283 586 1334; x_wconf 88' lang='lat' dir='ltr'><strong>una</strong></span> <span class='ocrx_word' id='word_1_31' title='bbox 638 1282 796 1333; x_wconf 89' lang='lat' dir='ltr'><strong>cum</strong></span> <span class='ocrx_word' id='word_1_32' title='bbox 853 1255 1149 1333; x_wconf 89' lang='lat' dir='ltr'><strong>Christo</strong></span> <span class='ocrx_word' id='word_1_33' title='bbox 1200 1264 1595 1351; x_wconf 79' lang='lat' dir='ltr'><strong>regnantes</strong></span> <span class='ocrx_word' id='word_1_34' title='bbox 1648 1254 2101 1331; x_wconf 90' lang='lat' dir='ltr'><strong>venerandos</strong></span> <span class='ocrx_word' id='word_1_35' title='bbox 2171 1263 2386 1352; x_wconf 88' lang='lat' dir='ltr'><strong>atque</strong></span> <span class='ocrx_word' id='word_1_36' title='bbox 2437 1252 2888 1330; x_wconf 77' lang='lat' dir='ltr'><strong>invocandos</strong></span> <span class='ocrx_word' id='word_1_37' title='bbox 2951 1276 3138 1350; x_wconf 88' lang='lat' dir='ltr'><strong>esse,</strong></span> 
     </span>
     <span class='ocr_line' id='line_1_6' title="bbox 242 1375 3143 1479; baseline -0.001 -22"><span class='ocrx_word' id='word_1_38' title='bbox 242 1405 501 1479; x_wconf 86' lang='lat' dir='ltr'><strong>eosque</strong></span> <span class='ocrx_word' id='word_1_39' title='bbox 566 1381 933 1456; x_wconf 86' lang='lat' dir='ltr'><strong>orationes</strong></span> <span class='ocrx_word' id='word_1_40' title='bbox 1002 1381 1166 1455; x_wconf 92' lang='lat' dir='ltr'><strong>Deo</strong></span> <span class='ocrx_word' id='word_1_41' title='bbox 1219 1402 1357 1478; x_wconf 88' lang='lat' dir='ltr'><strong>pro</strong></span> <span class='ocrx_word' id='word_1_42' title='bbox 1408 1379 1623 1455; x_wconf 88' lang='lat' dir='ltr'><strong>nobis</strong></span> <span class='ocrx_word' id='word_1_43' title='bbox 1677 1380 1937 1475; x_wconf 90' lang='lat' dir='ltr'><strong>offere,</strong></span> <span class='ocrx_word' id='word_1_44' title='bbox 2008 1386 2224 1474; x_wconf 88' lang='lat' dir='ltr'><strong>atque</strong></span> <span class='ocrx_word' id='word_1_45' title='bbox 2277 1398 2518 1452; x_wconf 91' lang='lat' dir='ltr'><strong>eorum</strong></span> <span class='ocrx_word' id='word_1_46' title='bbox 2577 1375 2922 1473; x_wconf 88' lang='lat' dir='ltr'><strong>reliquias</strong></span> <span class='ocrx_word' id='word_1_47' title='bbox 2975 1399 3143 1453; x_wconf 90' lang='lat' dir='ltr'><strong>esse</strong></span> 
     </span>
     <span class='ocr_line' id='line_1_7' title="bbox 242 1499 3144 1598; baseline -0.001 -20"><span class='ocrx_word' id='word_1_48' title='bbox 242 1503 707 1580; x_wconf 83' lang='lat' dir='ltr'><strong>venerandas.</strong></span> <span class='ocrx_word' id='word_1_49' title='bbox 760 1502 1215 1578; x_wconf 74' lang='lat' dir='ltr'><strong>Firmissime</strong></span> <span class='ocrx_word' id='word_1_50' title='bbox 1253 1524 1528 1596; x_wconf 87' lang='lat' dir='ltr'><strong>assero,</strong></span> <span class='ocrx_word' id='word_1_51' title='bbox 1588 1502 1945 1598; x_wconf 83' lang='lat' dir='ltr'><strong>imagines</strong></span> <span class='ocrx_word' id='word_1_52' title='bbox 1998 1499 2272 1576; x_wconf 83' lang='lat' dir='ltr'><strong>Christi</strong></span> <span class='ocrx_word' id='word_1_53' title='bbox 2309 1523 2398 1575; x_wconf 86' lang='lat' dir='ltr'><strong>ae</strong></span> <span class='ocrx_word' id='word_1_54' title='bbox 2431 1500 2801 1596; x_wconf 89' lang='lat' dir='ltr'><strong>Deiparae</strong></span> <span class='ocrx_word' id='word_1_55' title='bbox 2855 1522 3144 1598; x_wconf 85' lang='lat' dir='ltr'><strong>semper</strong></span> 
     </span>
     <span class='ocr_line' id='line_1_8' title="bbox 246 1619 3140 1721; baseline -0.001 -20"><span class='ocrx_word' id='word_1_56' title='bbox 246 1625 606 1721; x_wconf 85' lang='lat' dir='ltr'><strong>Virginis,</strong></span> <span class='ocrx_word' id='word_1_57' title='bbox 662 1649 799 1700; x_wconf 91' lang='lat' dir='ltr'><strong>nec</strong></span> <span class='ocrx_word' id='word_1_58' title='bbox 852 1648 995 1700; x_wconf 88' lang='lat' dir='ltr'><strong>non</strong></span> <span class='ocrx_word' id='word_1_59' title='bbox 1049 1625 1355 1700; x_wconf 89' lang='lat' dir='ltr'><strong>aliorum</strong></span> <span class='ocrx_word' id='word_1_60' title='bbox 1428 1621 1857 1699; x_wconf 82' lang='lat' dir='ltr'><strong>Sanctorum</strong></span> <span class='ocrx_word' id='word_1_61' title='bbox 1911 1621 2288 1699; x_wconf 87' lang='lat' dir='ltr'><strong>habendas</strong></span> <span class='ocrx_word' id='word_1_62' title='bbox 2341 1628 2414 1696; x_wconf 91' lang='lat' dir='ltr'><strong>et</strong></span> <span class='ocrx_word' id='word_1_63' title='bbox 2465 1619 2881 1697; x_wconf 86' lang='lat' dir='ltr'><strong>retinendas</strong></span> <span class='ocrx_word' id='word_1_64' title='bbox 2951 1643 3140 1717; x_wconf 88' lang='lat' dir='ltr'><strong>esse,</strong></span> 
     </span>
     <span class='ocr_line' id='line_1_9' title="bbox 238 1742 3139 1846; baseline -0.001 -24"><span class='ocrx_word' id='word_1_65' title='bbox 238 1757 443 1846; x_wconf 86' lang='lat' dir='ltr'><strong>atque</strong></span> <span class='ocrx_word' id='word_1_66' title='bbox 496 1750 605 1826; x_wconf 85' lang='lat' dir='ltr'><strong>eis</strong></span> <span class='ocrx_word' id='word_1_67' title='bbox 657 1749 975 1825; x_wconf 89' lang='lat' dir='ltr'><strong>debitum</strong></span> <span class='ocrx_word' id='word_1_68' title='bbox 1048 1747 1395 1823; x_wconf 89' lang='lat' dir='ltr'><strong>honorem</strong></span> <span class='ocrx_word' id='word_1_69' title='bbox 1466 1770 1555 1820; x_wconf 88' lang='lat' dir='ltr'><strong>ac</strong></span> <span class='ocrx_word' id='word_1_70' title='bbox 1626 1746 2162 1821; x_wconf 86' lang='lat' dir='ltr'><strong>venerationem</strong></span> <span class='ocrx_word' id='word_1_71' title='bbox 2231 1742 2802 1841; x_wconf 87' lang='lat' dir='ltr'><strong>impertiendam.</strong></span> <span class='ocrx_word' id='word_1_72' title='bbox 2894 1743 3139 1819; x_wconf 87' lang='lat' dir='ltr'><strong>Indul-</strong></span> 
     </span>
     <span class='ocr_line' id='line_1_10' title="bbox 238 1866 3136 1970; baseline -0.001 -26"><span class='ocrx_word' id='word_1_73' title='bbox 238 1872 623 1967; x_wconf 79' lang='lat' dir='ltr'><strong>gentiarum</strong></span> <span class='ocrx_word' id='word_1_74' title='bbox 697 1872 913 1946; x_wconf 88' lang='lat' dir='ltr'><strong>etiam</strong></span> <span class='ocrx_word' id='word_1_75' title='bbox 986 1877 1417 1970; x_wconf 85' lang='lat' dir='ltr'><strong>potestatem</strong></span> <span class='ocrx_word' id='word_1_76' title='bbox 1472 1894 1519 1944; x_wconf 91' lang='lat' dir='ltr'><strong>a</strong></span> <span class='ocrx_word' id='word_1_77' title='bbox 1571 1867 1864 1944; x_wconf 86' lang='lat' dir='ltr'><strong>Christo</strong></span> <span class='ocrx_word' id='word_1_78' title='bbox 1932 1869 2007 1944; x_wconf 91' lang='lat' dir='ltr'><strong>in</strong></span> <span class='ocrx_word' id='word_1_79' title='bbox 2081 1866 2421 1942; x_wconf 89' lang='lat' dir='ltr'><strong>Ecclesia</strong></span> <span class='ocrx_word' id='word_1_80' title='bbox 2490 1866 2816 1941; x_wconf 84' lang='lat' dir='ltr'><strong>relictam</strong></span> <span class='ocrx_word' id='word_1_81' title='bbox 2887 1867 3136 1961; x_wconf 86' lang='lat' dir='ltr'><strong>fuisse,</strong></span> 
     </span>
     <span class='ocr_line' id='line_1_11' title="bbox 244 1990 3136 2091; baseline -0.001 -26"><span class='ocrx_word' id='word_1_82' title='bbox 244 1993 665 2091; x_wconf 85' lang='lat' dir='ltr'><strong>illarumque</strong></span> <span class='ocrx_word' id='word_1_83' title='bbox 716 2017 925 2069; x_wconf 89' lang='lat' dir='ltr'><strong>usum</strong></span> <span class='ocrx_word' id='word_1_84' title='bbox 982 1992 1398 2069; x_wconf 84' lang='lat' dir='ltr'><strong>Christiano</strong></span> <span class='ocrx_word' id='word_1_85' title='bbox 1452 1992 1724 2091; x_wconf 91' lang='lat' dir='ltr'><strong>populo</strong></span> <span class='ocrx_word' id='word_1_86' title='bbox 1779 1991 2088 2066; x_wconf 81' lang='lat' dir='ltr'><strong>maxime</strong></span> <span class='ocrx_word' id='word_1_87' title='bbox 2142 1991 2529 2065; x_wconf 85' lang='lat' dir='ltr'><strong>salutarem</strong></span> <span class='ocrx_word' id='word_1_88' title='bbox 2586 2012 2774 2084; x_wconf 89' lang='lat' dir='ltr'><strong>esse,</strong></span> <span class='ocrx_word' id='word_1_89' title='bbox 2831 1990 3136 2065; x_wconf 87' lang='lat' dir='ltr'><strong>affirmo.</strong></span> 
     </span>
     <span class='ocr_line' id='line_1_12' title="bbox 242 2112 3140 2213; baseline -0 -26"><span class='ocrx_word' id='word_1_90' title='bbox 242 2112 569 2189; x_wconf 87' lang='lat' dir='ltr'><strong>Sanctam</strong></span> <span class='ocrx_word' id='word_1_91' title='bbox 641 2114 1093 2190; x_wconf 90' lang='lat' dir='ltr'><strong>Catholieam</strong></span> <span class='ocrx_word' id='word_1_92' title='bbox 1169 2123 1240 2190; x_wconf 90' lang='lat' dir='ltr'><strong>et</strong></span> <span class='ocrx_word' id='word_1_93' title='bbox 1305 2115 1804 2213; x_wconf 89' lang='lat' dir='ltr'><strong>Apostolicam</strong></span> <span class='ocrx_word' id='word_1_94' title='bbox 1873 2113 2275 2188; x_wconf 85' lang='lat' dir='ltr'><strong>Romanam</strong></span> <span class='ocrx_word' id='word_1_95' title='bbox 2345 2112 2751 2189; x_wconf 88' lang='lat' dir='ltr'><strong>Ecclesiam</strong></span> <span class='ocrx_word' id='word_1_96' title='bbox 2825 2112 3140 2188; x_wconf 91' lang='lat' dir='ltr'><strong>omnium</strong></span> 
     </span>
     <span class='ocr_line' id='line_1_13' title="bbox 242 2233 3141 2334; baseline -0.001 -23"><span class='ocrx_word' id='word_1_97' title='bbox 242 2236 730 2313; x_wconf 87' lang='lat' dir='ltr'><strong>Ecclesiarum</strong></span> <span class='ocrx_word' id='word_1_98' title='bbox 802 2238 1109 2313; x_wconf 87' lang='lat' dir='ltr'><strong>Matrem</strong></span> <span class='ocrx_word' id='word_1_99' title='bbox 1182 2246 1255 2313; x_wconf 90' lang='lat' dir='ltr'><strong>et</strong></span> <span class='ocrx_word' id='word_1_100' title='bbox 1323 2238 1755 2334; x_wconf 84' lang='lat' dir='ltr'><strong>Magistram</strong></span> <span class='ocrx_word' id='word_1_101' title='bbox 1824 2258 2150 2331; x_wconf 88' lang='lat' dir='ltr'><strong>agnosco</strong></span> <span class='ocrx_word' id='word_1_102' title='bbox 2174 2292 2192 2329; x_wconf 95' lang='lat'><strong>,</strong></span> <span class='ocrx_word' id='word_1_103' title='bbox 2262 2234 2735 2332; x_wconf 89' lang='lat' dir='ltr'><strong>Romanoque</strong></span> <span class='ocrx_word' id='word_1_104' title='bbox 2805 2233 3141 2309; x_wconf 88' lang='lat' dir='ltr'><strong>Pontifici</strong></span> 
     </span>
     <span class='ocr_line' id='line_1_14' title="bbox 240 2354 3137 2457; baseline -0 -26"><span class='ocrx_word' id='word_1_105' title='bbox 240 2358 438 2434; x_wconf 87' lang='lat' dir='ltr'><strong>Beati</strong></span> <span class='ocrx_word' id='word_1_106' title='bbox 488 2359 690 2433; x_wconf 81' lang='lat' dir='ltr'><strong>Petri</strong></span> <span class='ocrx_word' id='word_1_107' title='bbox 718 2358 1258 2456; x_wconf 78' lang='lat' dir='ltr'><strong>Apostolorum</strong></span> <span class='ocrx_word' id='word_1_108' title='bbox 1328 2359 1692 2457; x_wconf 88' lang='lat' dir='ltr'><strong>Principis</strong></span> <span class='ocrx_word' id='word_1_109' title='bbox 1746 2355 2174 2433; x_wconf 86' lang='lat' dir='ltr'><strong>Successori</strong></span> <span class='ocrx_word' id='word_1_110' title='bbox 2226 2381 2313 2432; x_wconf 86' lang='lat' dir='ltr'><strong>ac</strong></span> <span class='ocrx_word' id='word_1_111' title='bbox 2367 2356 2420 2434; x_wconf 83' lang='lat' dir='ltr'><strong>J</strong></span> <span class='ocrx_word' id='word_1_112' title='bbox 2423 2354 2622 2433; x_wconf 88' lang='lat' dir='ltr'><strong>ESU</strong></span> <span class='ocrx_word' id='word_1_113' title='bbox 2679 2356 2952 2431; x_wconf 83' lang='lat' dir='ltr'><strong>Christi</strong></span> <span class='ocrx_word' id='word_1_114' title='bbox 3002 2354 3137 2431; x_wconf 89' lang='lat' dir='ltr'><strong>Vi-</strong></span> 
     </span>
     <span class='ocr_line' id='line_1_15' title="bbox 242 2475 3137 2582; baseline 0 -29"><span class='ocrx_word' id='word_1_115' title='bbox 242 2482 427 2556; x_wconf 87' lang='lat' dir='ltr'><strong>cario</strong></span> <span class='ocrx_word' id='word_1_116' title='bbox 480 2504 726 2557; x_wconf 88' lang='lat' dir='ltr'><strong>veram</strong></span> <span class='ocrx_word' id='word_1_117' title='bbox 780 2480 1263 2557; x_wconf 88' lang='lat' dir='ltr'><strong>obedientiam</strong></span> <span class='ocrx_word' id='word_1_118' title='bbox 1318 2481 1645 2582; x_wconf 84' lang='lat' dir='ltr'><strong>spondeo</strong></span> <span class='ocrx_word' id='word_1_119' title='bbox 1696 2505 1787 2557; x_wconf 86' lang='lat' dir='ltr'><strong>ae</strong></span> <span class='ocrx_word' id='word_1_120' title='bbox 1821 2482 2000 2555; x_wconf 91' lang='lat' dir='ltr'><strong>iuro.</strong></span> <span class='ocrx_word' id='word_1_121' title='bbox 2060 2478 2372 2555; x_wconf 82' lang='lat' dir='ltr'><strong>Caetera</strong></span> <span class='ocrx_word' id='word_1_122' title='bbox 2424 2480 2594 2555; x_wconf 88' lang='lat' dir='ltr'><strong>item</strong></span> <span class='ocrx_word' id='word_1_123' title='bbox 2649 2479 2890 2555; x_wconf 90' lang='lat' dir='ltr'><strong>omnia</strong></span> <span class='ocrx_word' id='word_1_124' title='bbox 2925 2502 2970 2553; x_wconf 97' lang='lat' dir='ltr'><strong>a</strong></span> <span class='ocrx_word' id='word_1_125' title='bbox 3006 2475 3137 2553; x_wconf 82' lang='lat' dir='ltr'><strong>Sa-</strong></span> 
     </span>
     <span class='ocr_line' id='line_1_16' title="bbox 242 2598 3136 2701; baseline -0 -26"><span class='ocrx_word' id='word_1_126' title='bbox 242 2602 379 2676; x_wconf 86' lang='lat' dir='ltr'><strong>cris</strong></span> <span class='ocrx_word' id='word_1_127' title='bbox 432 2601 851 2677; x_wconf 89' lang='lat' dir='ltr'><strong>Canonibus</strong></span> <span class='ocrx_word' id='word_1_128' title='bbox 904 2610 977 2677; x_wconf 89' lang='lat' dir='ltr'><strong>et</strong></span> <span class='ocrx_word' id='word_1_129' title='bbox 1030 2601 1538 2679; x_wconf 90' lang='lat' dir='ltr'><strong>Oecumenicis</strong></span> <span class='ocrx_word' id='word_1_130' title='bbox 1612 2602 2002 2697; x_wconf 89' lang='lat' dir='ltr'><strong>Conciliis,</strong></span> <span class='ocrx_word' id='word_1_131' title='bbox 2059 2628 2148 2677; x_wconf 88' lang='lat' dir='ltr'><strong>ae</strong></span> <span class='ocrx_word' id='word_1_132' title='bbox 2201 2603 2590 2701; x_wconf 87' lang='lat' dir='ltr'><strong>praecipue</strong></span> <span class='ocrx_word' id='word_1_133' title='bbox 2645 2627 2690 2677; x_wconf 89' lang='lat' dir='ltr'><strong>a</strong></span> <span class='ocrx_word' id='word_1_134' title='bbox 2744 2598 3136 2677; x_wconf 85' lang='lat' dir='ltr'><strong>Sacrosan-</strong></span> 
     </span>
     <span class='ocr_line' id='line_1_17' title="bbox 244 2722 3136 2822; baseline 0.001 -27"><span class='ocrx_word' id='word_1_135' title='bbox 244 2730 351 2797; x_wconf 89' lang='lat' dir='ltr'><strong>eta</strong></span> <span class='ocrx_word' id='word_1_136' title='bbox 398 2724 825 2799; x_wconf 90' lang='lat' dir='ltr'><strong>Tridentina</strong></span> <span class='ocrx_word' id='word_1_137' title='bbox 880 2722 1176 2822; x_wconf 82' lang='lat' dir='ltr'><strong>Synodo</strong></span> <span class='ocrx_word' id='word_1_138' title='bbox 1230 2726 1512 2821; x_wconf 86' lang='lat' dir='ltr'><strong>tradita,</strong></span> <span class='ocrx_word' id='word_1_139' title='bbox 1568 2725 1863 2801; x_wconf 86' lang='lat' dir='ltr'><strong>definita</strong></span> <span class='ocrx_word' id='word_1_140' title='bbox 1898 2734 1970 2801; x_wconf 90' lang='lat' dir='ltr'><strong>et</strong></span> <span class='ocrx_word' id='word_1_141' title='bbox 2010 2725 2377 2801; x_wconf 86' lang='lat' dir='ltr'><strong>declarata</strong></span> <span class='ocrx_word' id='word_1_142' title='bbox 2427 2724 2916 2801; x_wconf 85' lang='lat' dir='ltr'><strong>indubitanter</strong></span> <span class='ocrx_word' id='word_1_143' title='bbox 2949 2723 3136 2799; x_wconf 89' lang='lat' dir='ltr'><strong>reei-</strong></span> 
     </span>
     <span class='ocr_line' id='line_1_18' title="bbox 244 2843 3135 2945; baseline 0.002 -29"><span class='ocrx_word' id='word_1_144' title='bbox 244 2844 355 2939; x_wconf 89' lang='lat' dir='ltr'><strong>pio</strong></span> <span class='ocrx_word' id='word_1_145' title='bbox 404 2854 619 2943; x_wconf 85' lang='lat' dir='ltr'><strong>atque</strong></span> <span class='ocrx_word' id='word_1_146' title='bbox 672 2846 1036 2943; x_wconf 88' lang='lat' dir='ltr'><strong>profiteor.</strong></span> <span class='ocrx_word' id='word_1_147' title='bbox 1123 2843 1493 2943; x_wconf 86' lang='lat' dir='ltr'><strong>Simulque</strong></span> <span class='ocrx_word' id='word_1_148' title='bbox 1548 2850 1909 2923; x_wconf 82' lang='lat' dir='ltr'><strong>contraria</strong></span> <span class='ocrx_word' id='word_1_149' title='bbox 1964 2847 2206 2923; x_wconf 90' lang='lat' dir='ltr'><strong>omnia</strong></span> <span class='ocrx_word' id='word_1_150' title='bbox 2257 2854 2472 2945; x_wconf 81' lang='lat' dir='ltr'><strong>atque</strong></span> <span class='ocrx_word' id='word_1_151' title='bbox 2522 2846 2868 2923; x_wconf 85' lang='lat' dir='ltr'><strong>haereses</strong></span> <span class='ocrx_word' id='word_1_152' title='bbox 2921 2869 3135 2944; x_wconf 85' lang='lat' dir='ltr'><strong>quas·</strong></span> 
     </span>
     <span class='ocr_line' id='line_1_19' title="bbox 244 2966 3136 3065; baseline 0.002 -27"><span class='ocrx_word' id='word_1_153' title='bbox 244 2988 511 3063; x_wconf 89' lang='lat' dir='ltr'><strong>cunque</strong></span> <span class='ocrx_word' id='word_1_154' title='bbox 584 2969 677 3042; x_wconf 87' lang='lat' dir='ltr'><strong>ab</strong></span> <span class='ocrx_word' id='word_1_155' title='bbox 752 2966 1088 3042; x_wconf 89' lang='lat' dir='ltr'><strong>Ecclesia</strong></span> <span class='ocrx_word' id='word_1_156' title='bbox 1161 2968 1538 3044; x_wconf 88' lang='lat' dir='ltr'><strong>damnatas</strong></span> <span class='ocrx_word' id='word_1_157' title='bbox 1611 2980 1682 3046; x_wconf 90' lang='lat' dir='ltr'><strong>et</strong></span> <span class='ocrx_word' id='word_1_158' title='bbox 1749 2973 2062 3047; x_wconf 89' lang='lat' dir='ltr'><strong>reiectas</strong></span> <span class='ocrx_word' id='word_1_159' title='bbox 2116 2980 2189 3046; x_wconf 90' lang='lat' dir='ltr'><strong>et</strong></span> <span class='ocrx_word' id='word_1_160' title='bbox 2239 2970 2921 3065; x_wconf 86' lang='lat' dir='ltr'><strong>anathematizatas,</strong></span> <span class='ocrx_word' id='word_1_161' title='bbox 2997 2990 3136 3063; x_wconf 84' lang='lat' dir='ltr'><strong>ego</strong></span> 
     </span>
     <span class='ocr_line' id='line_1_20' title="bbox 245 3088 3133 3186; baseline 0 -22"><span class='ocrx_word' id='word_1_162' title='bbox 245 3090 499 3186; x_wconf 83' lang='lat' dir='ltr'><strong>pariter</strong></span> <span class='ocrx_word' id='word_1_163' title='bbox 535 3088 819 3184; x_wconf 86' lang='lat' dir='ltr'><strong>damno,</strong></span> <span class='ocrx_word' id='word_1_164' title='bbox 866 3090 1118 3166; x_wconf 85' lang='lat' dir='ltr'><strong>reiicio</strong></span> <span class='ocrx_word' id='word_1_165' title='bbox 1156 3098 1228 3165; x_wconf 89' lang='lat' dir='ltr'><strong>et</strong></span> <span class='ocrx_word' id='word_1_166' title='bbox 1262 3092 1811 3170; x_wconf 86' lang='lat' dir='ltr'><strong>anathematizo.</strong></span> <span class='ocrx_word' id='word_1_167' title='bbox 1868 3094 2084 3169; x_wconf 88' lang='lat' dir='ltr'><strong>Hanc</strong></span> <span class='ocrx_word' id='word_1_168' title='bbox 2131 3117 2374 3169; x_wconf 83' lang='lat' dir='ltr'><strong>veram</strong></span> <span class='ocrx_word' id='word_1_169' title='bbox 2411 3091 2858 3168; x_wconf 87' lang='lat' dir='ltr'><strong>Catholicam</strong></span> <span class='ocrx_word' id='word_1_170' title='bbox 2895 3090 3133 3182; x_wconf 89' lang='lat' dir='ltr'><strong>fidem,</strong></span> 
     </span>
     <span class='ocr_line' id='line_1_21' title="bbox 244 3214 3133 3314; baseline 0.002 -28"><span class='ocrx_word' id='word_1_171' title='bbox 244 3219 433 3288; x_wconf 79' lang='lat' dir='ltr'><strong>extra</strong></span> <span class='ocrx_word' id='word_1_172' title='bbox 486 3237 701 3310; x_wconf 90' lang='lat' dir='ltr'><strong>quam</strong></span> <span class='ocrx_word' id='word_1_173' title='bbox 754 3237 965 3288; x_wconf 87' lang='lat' dir='ltr'><strong>nemo</strong></span> <span class='ocrx_word' id='word_1_174' title='bbox 1020 3214 1270 3290; x_wconf 86' lang='lat' dir='ltr'><strong>salvus</strong></span> <span class='ocrx_word' id='word_1_175' title='bbox 1324 3237 1491 3290; x_wconf 87' lang='lat' dir='ltr'><strong>esse</strong></span> <span class='ocrx_word' id='word_1_176' title='bbox 1537 3225 1797 3314; x_wconf 89' lang='lat' dir='ltr'><strong>potest,</strong></span> <span class='ocrx_word' id='word_1_177' title='bbox 1856 3240 2064 3313; x_wconf 82' lang='lat' dir='ltr'><strong>quam</strong></span> <span class='ocrx_word' id='word_1_178' title='bbox 2112 3217 2187 3290; x_wconf 92' lang='lat' dir='ltr'><strong>in</strong></span> <span class='ocrx_word' id='word_1_179' title='bbox 2242 3216 2606 3313; x_wconf 87' lang='lat' dir='ltr'><strong>praesenti</strong></span> <span class='ocrx_word' id='word_1_180' title='bbox 2658 3223 2916 3313; x_wconf 88' lang='lat' dir='ltr'><strong>sponte</strong></span> <span class='ocrx_word' id='word_1_181' title='bbox 2969 3239 3133 3314; x_wconf 91' lang='lat' dir='ltr'><strong>pro-</strong></span> 
     </span>
     <span class='ocr_line' id='line_1_22' title="bbox 242 3334 3134 3436; baseline 0.001 -29"><span class='ocrx_word' id='word_1_182' title='bbox 242 3334 435 3410; x_wconf 90' lang='lat' dir='ltr'><strong>fiteor</strong></span> <span class='ocrx_word' id='word_1_183' title='bbox 488 3345 562 3410; x_wconf 88' lang='lat' dir='ltr'><strong>et</strong></span> <span class='ocrx_word' id='word_1_184' title='bbox 614 3337 973 3411; x_wconf 85' lang='lat' dir='ltr'><strong>veraciter</strong></span> <span class='ocrx_word' id='word_1_185' title='bbox 1024 3344 1277 3431; x_wconf 86' lang='lat' dir='ltr'><strong>teneo,</strong></span> <span class='ocrx_word' id='word_1_186' title='bbox 1352 3337 1655 3413; x_wconf 84' lang='lat' dir='ltr'><strong>eandem</strong></span> <span class='ocrx_word' id='word_1_187' title='bbox 1720 3339 2073 3434; x_wconf 79' lang='lat' dir='ltr'><strong>integram</strong></span> <span class='ocrx_word' id='word_1_188' title='bbox 2130 3347 2199 3414; x_wconf 89' lang='lat' dir='ltr'><strong>et</strong></span> <span class='ocrx_word' id='word_1_189' title='bbox 2251 3338 2668 3414; x_wconf 87' lang='lat' dir='ltr'><strong>inviolatam</strong></span> <span class='ocrx_word' id='word_1_190' title='bbox 2739 3361 2968 3436; x_wconf 89' lang='lat' dir='ltr'><strong>usque</strong></span> <span class='ocrx_word' id='word_1_191' title='bbox 3040 3336 3134 3412; x_wconf 88' lang='lat' dir='ltr'><strong>ad</strong></span> 
     </span>
     <span class='ocr_line' id='line_1_23' title="bbox 245 3457 3136 3562; baseline 0.001 -32"><span class='ocrx_word' id='word_1_192' title='bbox 245 3465 621 3534; x_wconf 83' lang='lat' dir='ltr'><strong>extremum</strong></span> <span class='ocrx_word' id='word_1_193' title='bbox 676 3460 868 3534; x_wconf 87' lang='lat' dir='ltr'><strong>vitae</strong></span> <span class='ocrx_word' id='word_1_194' title='bbox 924 3459 1251 3556; x_wconf 74' lang='lat' dir='ltr'><strong>spiritum</strong></span> <span class='ocrx_word' id='word_1_195' title='bbox 1306 3460 1887 3535; x_wconf 75' lang='lat' dir='ltr'><strong>constantissime</strong></span> <span class='ocrx_word' id='word_1_196' title='bbox 1958 3457 2152 3561; x_wconf 91' lang='lat' dir='ltr'><strong>(Deo</strong></span> <span class='ocrx_word' id='word_1_197' title='bbox 2214 3459 2626 3562; x_wconf 86' lang='lat' dir='ltr'><strong>adiuvante)</strong></span> <span class='ocrx_word' id='word_1_198' title='bbox 2701 3461 3010 3536; x_wconf 90' lang='lat' dir='ltr'><strong>retinere</strong></span> <span class='ocrx_word' id='word_1_199' title='bbox 3063 3466 3136 3534; x_wconf 90' lang='lat' dir='ltr'><strong>et</strong></span> 
     </span>
     <span class='ocr_line' id='line_1_24' title="bbox 246 3580 3132 3680; baseline 0.002 -29"><span class='ocrx_word' id='word_1_200' title='bbox 246 3580 575 3676; x_wconf 87' lang='lat' dir='ltr'><strong>confiteri,</strong></span> <span class='ocrx_word' id='word_1_201' title='bbox 631 3590 848 3678; x_wconf 87' lang='lat' dir='ltr'><strong>atque</strong></span> <span class='ocrx_word' id='word_1_202' title='bbox 894 3607 939 3656; x_wconf 89' lang='lat' dir='ltr'><strong>a</strong></span> <span class='ocrx_word' id='word_1_203' title='bbox 974 3583 1157 3657; x_wconf 87' lang='lat' dir='ltr'><strong>meis</strong></span> <span class='ocrx_word' id='word_1_204' title='bbox 1209 3583 1519 3658; x_wconf 88' lang='lat' dir='ltr'><strong>subditis</strong></span> <span class='ocrx_word' id='word_1_205' title='bbox 1571 3584 1691 3658; x_wconf 84' lang='lat' dir='ltr'><strong>vel</strong></span> <span class='ocrx_word' id='word_1_206' title='bbox 1745 3584 1917 3678; x_wconf 91' lang='lat' dir='ltr'><strong>illis,</strong></span> <span class='ocrx_word' id='word_1_207' title='bbox 1976 3605 2276 3680; x_wconf 87' lang='lat' dir='ltr'><strong>quornm</strong></span> <span class='ocrx_word' id='word_1_208' title='bbox 2331 3606 2504 3658; x_wconf 88' lang='lat' dir='ltr'><strong>cura</strong></span> <span class='ocrx_word' id='word_1_209' title='bbox 2557 3583 2651 3657; x_wconf 89' lang='lat' dir='ltr'><strong>ad</strong></span> <span class='ocrx_word' id='word_1_210' title='bbox 2705 3606 2818 3657; x_wconf 92' lang='lat' dir='ltr'><strong>me</strong></span> <span class='ocrx_word' id='word_1_211' title='bbox 2869 3583 2944 3657; x_wconf 92' lang='lat' dir='ltr'><strong>in</strong></span> <span class='ocrx_word' id='word_1_212' title='bbox 2979 3605 3132 3656; x_wconf 88' lang='lat' dir='ltr'><strong>mu·</strong></span> 
     </span>
     <span class='ocr_line' id='line_1_25' title="bbox 245 3704 3130 3805; baseline 0.002 -32"><span class='ocrx_word' id='word_1_213' title='bbox 245 3725 400 3777; x_wconf 90' lang='lat' dir='ltr'><strong>nere</strong></span> <span class='ocrx_word' id='word_1_214' title='bbox 437 3727 597 3780; x_wconf 90' lang='lat' dir='ltr'><strong>meo</strong></span> <span class='ocrx_word' id='word_1_215' title='bbox 634 3705 1013 3802; x_wconf 87' lang='lat' dir='ltr'><strong>spectabit,</strong></span> <span class='ocrx_word' id='word_1_216' title='bbox 1071 3706 1321 3799; x_wconf 87' lang='lat' dir='ltr'><strong>teneri,</strong></span> <span class='ocrx_word' id='word_1_217' title='bbox 1380 3705 1625 3780; x_wconf 85' lang='lat' dir='ltr'><strong>doceri</strong></span> <span class='ocrx_word' id='word_1_218' title='bbox 1680 3713 1751 3780; x_wconf 91' lang='lat' dir='ltr'><strong>et</strong></span> <span class='ocrx_word' id='word_1_219' title='bbox 1803 3706 2232 3805; x_wconf 87' lang='lat' dir='ltr'><strong>praedicari,</strong></span> <span class='ocrx_word' id='word_1_220' title='bbox 2289 3716 2630 3803; x_wconf 88' lang='lat' dir='ltr'><strong>quantum</strong></span> <span class='ocrx_word' id='word_1_221' title='bbox 2683 3711 2757 3780; x_wconf 91' lang='lat' dir='ltr'><strong>in</strong></span> <span class='ocrx_word' id='word_1_222' title='bbox 2805 3728 2921 3779; x_wconf 93' lang='lat' dir='ltr'><strong>me</strong></span> <span class='ocrx_word' id='word_1_223' title='bbox 2974 3704 3130 3798; x_wconf 89' lang='lat' dir='ltr'><strong>erit,</strong></span> 
     </span>
     <span class='ocr_line' id='line_1_26' title="bbox 248 3825 3130 3926; baseline 0.001 -30"><span class='ocrx_word' id='word_1_224' title='bbox 248 3833 639 3902; x_wconf 86' lang='lat' dir='ltr'><strong>curaturum</strong></span> <span class='ocrx_word' id='word_1_225' title='bbox 694 3848 833 3921; x_wconf 89' lang='lat' dir='ltr'><strong>ego</strong></span> <span class='ocrx_word' id='word_1_226' title='bbox 887 3826 1076 3901; x_wconf 89' lang='lat' dir='ltr'><strong>idem</strong></span> <span class='ocrx_word' id='word_1_227' title='bbox 1134 3825 1225 3901; x_wconf 90' lang='lat' dir='ltr'><strong>N.</strong></span> <span class='ocrx_word' id='word_1_228' title='bbox 1285 3826 1641 3926; x_wconf 88' lang='lat' dir='ltr'><strong>spondeo,</strong></span> <span class='ocrx_word' id='word_1_229' title='bbox 1701 3850 1934 3904; x_wconf 87' lang='lat' dir='ltr'><strong>voveo</strong></span> <span class='ocrx_word' id='word_1_230' title='bbox 1988 3851 2077 3903; x_wconf 88' lang='lat' dir='ltr'><strong>ac</strong></span> <span class='ocrx_word' id='word_1_231' title='bbox 2127 3829 2308 3904; x_wconf 89' lang='lat' dir='ltr'><strong>iuro.</strong></span> <span class='ocrx_word' id='word_1_232' title='bbox 2396 3825 2522 3903; x_wconf 87' lang='lat' dir='ltr'><strong>Sic</strong></span> <span class='ocrx_word' id='word_1_233' title='bbox 2575 3851 2689 3902; x_wconf 89' lang='lat' dir='ltr'><strong>me</strong></span> <span class='ocrx_word' id='word_1_234' title='bbox 2744 3827 2950 3902; x_wconf 89' lang='lat' dir='ltr'><strong>Deus</strong></span> <span class='ocrx_word' id='word_1_235' title='bbox 3003 3825 3130 3901; x_wconf 91' lang='lat' dir='ltr'><strong>ad·</strong></span> 
     </span>
     <span class='ocr_line' id='line_1_27' title="bbox 244 3944 1784 4044; baseline 0.006 -28"><span class='ocrx_word' id='word_1_236' title='bbox 244 3944 425 4022; x_wconf 79' lang='lat' dir='ltr'><strong>iuvet</strong></span> <span class='ocrx_word' id='word_1_237' title='bbox 477 3957 550 4023; x_wconf 88' lang='lat' dir='ltr'><strong>et</strong></span> <span class='ocrx_word' id='word_1_238' title='bbox 600 3948 781 4022; x_wconf 90' lang='lat' dir='ltr'><strong>haec</strong></span> <span class='ocrx_word' id='word_1_239' title='bbox 836 3946 1103 4022; x_wconf 88' lang='lat' dir='ltr'><strong>Sancta</strong></span> <span class='ocrx_word' id='word_1_240' title='bbox 1155 3949 1300 4023; x_wconf 91' lang='lat' dir='ltr'><strong>Dei</strong></span> <span class='ocrx_word' id='word_1_241' title='bbox 1352 3949 1784 4044; x_wconf 83' lang='lat' dir='ltr'><strong>Evangelia.</strong></span> 
     </span>
    </p>

    <p class='ocr_par' dir='ltr' id='par_1_3' title="bbox 246 4069 3132 5147">
     <span class='ocr_line' id='line_1_28' title="bbox 434 4069 3132 4170; baseline -0.001 -25"><span class='ocrx_word' id='word_1_242' title='bbox 434 4069 793 4146; x_wconf 87' lang='lat' dir='ltr'><strong>Volumus</strong></span> <span class='ocrx_word' id='word_1_243' title='bbox 846 4080 1122 4166; x_wconf 89' lang='lat' dir='ltr'><strong>autem,</strong></span> <span class='ocrx_word' id='word_1_244' title='bbox 1180 4072 1367 4168; x_wconf 89' lang='lat' dir='ltr'><strong>quod</strong></span> <span class='ocrx_word' id='word_1_245' title='bbox 1424 4081 1844 4170; x_wconf 86' lang='lat' dir='ltr'><strong>praesentes</strong></span> <span class='ocrx_word' id='word_1_246' title='bbox 1915 4074 2167 4148; x_wconf 88' lang='lat' dir='ltr'><strong>literae</strong></span> <span class='ocrx_word' id='word_1_247' title='bbox 2219 4073 2294 4146; x_wconf 92' lang='lat' dir='ltr'><strong>in</strong></span> <span class='ocrx_word' id='word_1_248' title='bbox 2351 4072 2808 4148; x_wconf 86' lang='lat' dir='ltr'><strong>Cancellaria</strong></span> <span class='ocrx_word' id='word_1_249' title='bbox 2861 4070 3132 4146; x_wconf 87' lang='lat' dir='ltr'><strong>Nostra</strong></span> 
     </span>
     <span class='ocr_line' id='line_1_29' title="bbox 246 4186 3131 4294; baseline 0.001 -32"><span class='ocrx_word' id='word_1_250' title='bbox 246 4186 659 4286; x_wconf 88' lang='lat' dir='ltr'><strong>Apostolica</strong></span> <span class='ocrx_word' id='word_1_251' title='bbox 694 4192 784 4266; x_wconf 89' lang='lat' dir='ltr'><strong>de</strong></span> <span class='ocrx_word' id='word_1_252' title='bbox 820 4215 1017 4267; x_wconf 89' lang='lat' dir='ltr'><strong>more</strong></span> <span class='ocrx_word' id='word_1_253' title='bbox 1050 4192 1403 4289; x_wconf 79' lang='lat' dir='ltr'><strong>legantur,</strong></span> <span class='ocrx_word' id='word_1_254' title='bbox 1462 4202 1533 4268; x_wconf 89' lang='lat' dir='ltr'><strong>et</strong></span> <span class='ocrx_word' id='word_1_255' title='bbox 1584 4202 1662 4270; x_wconf 89' lang='lat' dir='ltr'><strong>ut</strong></span> <span class='ocrx_word' id='word_1_256' title='bbox 1714 4195 2044 4270; x_wconf 86' lang='lat' dir='ltr'><strong>omnibus</strong></span> <span class='ocrx_word' id='word_1_257' title='bbox 2079 4195 2370 4271; x_wconf 84' lang='lat' dir='ltr'><strong>facilius</strong></span> <span class='ocrx_word' id='word_1_258' title='bbox 2405 4202 2806 4294; x_wconf 87' lang='lat' dir='ltr'><strong>pateantur,</strong></span> <span class='ocrx_word' id='word_1_259' title='bbox 2860 4193 2935 4266; x_wconf 89' lang='lat' dir='ltr'><strong>in</strong></span> <span class='ocrx_word' id='word_1_260' title='bbox 2975 4191 3131 4266; x_wconf 90' lang='lat' dir='ltr'><strong>eius</strong></span> 
     </span>
     <span class='ocr_line' id='line_1_30' title="bbox 247 4312 3129 4416; baseline 0 -31"><span class='ocrx_word' id='word_1_261' title='bbox 247 4313 609 4406; x_wconf 87' lang='lat' dir='ltr'><strong>quinterno</strong></span> <span class='ocrx_word' id='word_1_262' title='bbox 645 4313 1142 4388; x_wconf 84' lang='lat' dir='ltr'><strong>describantur</strong></span> <span class='ocrx_word' id='word_1_263' title='bbox 1177 4339 1265 4390; x_wconf 86' lang='lat' dir='ltr'><strong>ac</strong></span> <span class='ocrx_word' id='word_1_264' title='bbox 1302 4315 1516 4390; x_wconf 87' lang='lat' dir='ltr'><strong>etiam</strong></span> <span class='ocrx_word' id='word_1_265' title='bbox 1551 4317 2069 4416; x_wconf 89' lang='lat' dir='ltr'><strong>imprimantur.</strong></span> <span class='ocrx_word' id='word_1_266' title='bbox 2126 4317 2330 4392; x_wconf 88' lang='lat' dir='ltr'><strong>Nulli</strong></span> <span class='ocrx_word' id='word_1_267' title='bbox 2366 4339 2540 4414; x_wconf 86' lang='lat' dir='ltr'><strong>ergo</strong></span> <span class='ocrx_word' id='word_1_268' title='bbox 2579 4316 2866 4392; x_wconf 89' lang='lat' dir='ltr'><strong>omnino</strong></span> <span class='ocrx_word' id='word_1_269' title='bbox 2904 4312 3129 4388; x_wconf 90' lang='lat' dir='ltr'><strong>homi-</strong></span> 
     </span>
     <span class='ocr_line' id='line_1_31' title="bbox 250 4435 3130 4535; baseline 0 -28"><span class='ocrx_word' id='word_1_270' title='bbox 250 4455 401 4510; x_wconf 89' lang='lat' dir='ltr'><strong>num</strong></span> <span class='ocrx_word' id='word_1_271' title='bbox 441 4437 664 4510; x_wconf 89' lang='lat' dir='ltr'><strong>liceat</strong></span> <span class='ocrx_word' id='word_1_272' title='bbox 696 4437 883 4512; x_wconf 87' lang='lat' dir='ltr'><strong>hanc</strong></span> <span class='ocrx_word' id='word_1_273' title='bbox 927 4439 1265 4535; x_wconf 87' lang='lat' dir='ltr'><strong>paginam</strong></span> <span class='ocrx_word' id='word_1_274' title='bbox 1310 4447 1599 4515; x_wconf 88' lang='lat' dir='ltr'><strong>nostrae</strong></span> <span class='ocrx_word' id='word_1_275' title='bbox 1640 4439 2031 4517; x_wconf 82' lang='lat' dir='ltr'><strong>voluntatis</strong></span> <span class='ocrx_word' id='word_1_276' title='bbox 2078 4446 2151 4513; x_wconf 91' lang='lat' dir='ltr'><strong>et</strong></span> <span class='ocrx_word' id='word_1_277' title='bbox 2188 4439 2501 4514; x_wconf 87' lang='lat' dir='ltr'><strong>mandati</strong></span> <span class='ocrx_word' id='word_1_278' title='bbox 2543 4439 2961 4532; x_wconf 85' lang='lat' dir='ltr'><strong>infringere,</strong></span> <span class='ocrx_word' id='word_1_279' title='bbox 3009 4435 3130 4510; x_wconf 88' lang='lat' dir='ltr'><strong>vel</strong></span> 
     </span>
     <span class='ocr_line' id='line_1_32' title="bbox 249 4555 3127 4659; baseline 0.001 -31"><span class='ocrx_word' id='word_1_280' title='bbox 249 4555 306 4628; x_wconf 89' lang='lat' dir='ltr'><strong>ei</strong></span> <span class='ocrx_word' id='word_1_281' title='bbox 338 4581 517 4634; x_wconf 88' lang='lat' dir='ltr'><strong>ausu</strong></span> <span class='ocrx_word' id='word_1_282' title='bbox 554 4559 933 4635; x_wconf 87' lang='lat' dir='ltr'><strong>temerario</strong></span> <span class='ocrx_word' id='word_1_283' title='bbox 970 4561 1347 4636; x_wconf 84' lang='lat' dir='ltr'><strong>contraire.</strong></span> <span class='ocrx_word' id='word_1_284' title='bbox 1397 4559 1481 4636; x_wconf 79' lang='lat' dir='ltr'><strong>Si</strong></span> <span class='ocrx_word' id='word_1_285' title='bbox 1514 4563 1675 4658; x_wconf 90' lang='lat' dir='ltr'><strong>quis</strong></span> <span class='ocrx_word' id='word_1_286' title='bbox 1712 4571 1947 4638; x_wconf 88' lang='lat' dir='ltr'><strong>antem</strong></span> <span class='ocrx_word' id='word_1_287' title='bbox 1983 4561 2124 4636; x_wconf 90' lang='lat' dir='ltr'><strong>hoc</strong></span> <span class='ocrx_word' id='word_1_288' title='bbox 2159 4569 2508 4637; x_wconf 84' lang='lat' dir='ltr'><strong>attentare</strong></span> <span class='ocrx_word' id='word_1_289' title='bbox 2542 4557 3127 4659; x_wconf 87' lang='lat' dir='ltr'><strong>praesumpserit,</strong></span> 
     </span>
     <span class='ocr_line' id='line_1_33' title="bbox 246 4675 3126 4780; baseline 0.002 -31"><span class='ocrx_word' id='word_1_290' title='bbox 246 4675 791 4776; x_wconf 82' lang='lat' dir='ltr'><strong>indignationem</strong></span> <span class='ocrx_word' id='word_1_291' title='bbox 833 4680 1365 4780; x_wconf 79' lang='lat' dir='ltr'><strong>omnipotentis</strong></span> <span class='ocrx_word' id='word_1_292' title='bbox 1400 4683 1582 4758; x_wconf 88' lang='lat' dir='ltr'><strong>DEI</strong></span> <span class='ocrx_word' id='word_1_293' title='bbox 1616 4708 1703 4758; x_wconf 88' lang='lat' dir='ltr'><strong>ac</strong></span> <span class='ocrx_word' id='word_1_294' title='bbox 1739 4683 2122 4759; x_wconf 85' lang='lat' dir='ltr'><strong>Beatorum</strong></span> <span class='ocrx_word' id='word_1_295' title='bbox 2162 4682 2360 4758; x_wconf 89' lang='lat' dir='ltr'><strong>Petri</strong></span> <span class='ocrx_word' id='word_1_296' title='bbox 2397 4691 2468 4758; x_wconf 89' lang='lat' dir='ltr'><strong>et</strong></span> <span class='ocrx_word' id='word_1_297' title='bbox 2503 4681 2712 4758; x_wconf 88' lang='lat' dir='ltr'><strong>Pauli</strong></span> <span class='ocrx_word' id='word_1_298' title='bbox 2738 4680 3126 4779; x_wconf 88' lang='lat' dir='ltr'><strong>Apostolo-</strong></span> 
     </span>
     <span class='ocr_line' id='line_1_34' title="bbox 246 4802 3124 4903; baseline 0 -27"><span class='ocrx_word' id='word_1_299' title='bbox 246 4822 383 4876; x_wconf 81' lang='lat' dir='ltr'><strong>rum</strong></span> <span class='ocrx_word' id='word_1_300' title='bbox 420 4802 581 4878; x_wconf 89' lang='lat' dir='ltr'><strong>eius</strong></span> <span class='ocrx_word' id='word_1_301' title='bbox 630 4827 709 4877; x_wconf 84' lang='lat' dir='ltr'><strong>se</strong></span> <span class='ocrx_word' id='word_1_302' title='bbox 745 4805 1029 4879; x_wconf 88' lang='lat' dir='ltr'><strong>noverit</strong></span> <span class='ocrx_word' id='word_1_303' title='bbox 1061 4805 1536 4881; x_wconf 85' lang='lat' dir='ltr'><strong>incursurum.</strong></span> <span class='ocrx_word' id='word_1_304' title='bbox 1575 4807 1843 4881; x_wconf 83' lang='lat' dir='ltr'><strong>Datum</strong></span> <span class='ocrx_word' id='word_1_305' title='bbox 1880 4805 2156 4882; x_wconf 86' lang='lat' dir='ltr'><strong>Romae</strong></span> <span class='ocrx_word' id='word_1_306' title='bbox 2202 4804 2392 4903; x_wconf 89' lang='lat' dir='ltr'><strong>apud</strong></span> <span class='ocrx_word' id='word_1_307' title='bbox 2436 4802 2774 4880; x_wconf 83' lang='lat' dir='ltr'><strong>Sanctum</strong></span> <span class='ocrx_word' id='word_1_308' title='bbox 2811 4804 3124 4879; x_wconf 87' lang='lat' dir='ltr'><strong>Petrum.</strong></span> 
     </span>
     <span class='ocr_line' id='line_1_35' title="bbox 248 4919 3128 5021; baseline 0.002 -27"><span class='ocrx_word' id='word_1_309' title='bbox 248 4919 441 5000; x_wconf 89' lang='lat' dir='ltr'><strong>Anno</strong></span> <span class='ocrx_word' id='word_1_310' title='bbox 497 4925 1025 5002; x_wconf 88' lang='lat' dir='ltr'><strong>Incarnationis</strong></span> <span class='ocrx_word' id='word_1_311' title='bbox 1080 4927 1503 5003; x_wconf 88' lang='lat' dir='ltr'><strong>Dominicae</strong></span> <span class='ocrx_word' id='word_1_312' title='bbox 1555 4925 1945 5003; x_wconf 90' lang='lat' dir='ltr'><strong>Millesimo</strong></span> <span class='ocrx_word' id='word_1_313' title='bbox 2008 4927 2604 5021; x_wconf 83' lang='lat' dir='ltr'><strong>Quingentesimo</strong></span> <span class='ocrx_word' id='word_1_314' title='bbox 2657 4925 3128 5020; x_wconf 80' lang='lat' dir='ltr'><strong>Sexagesimo</strong></span> 
     </span>
     <span class='ocr_line' id='line_1_36' title="bbox 248 5041 2743 5147; baseline 0.002 -28"><span class='ocrx_word' id='word_1_315' title='bbox 248 5055 501 5141; x_wconf 84' lang='lat' dir='ltr'><strong>quarto,</strong></span> <span class='ocrx_word' id='word_1_316' title='bbox 558 5047 811 5124; x_wconf 90' lang='lat' dir='ltr'><strong>Idibus</strong></span> <span class='ocrx_word' id='word_1_317' title='bbox 865 5048 1321 5141; x_wconf 84' lang='lat' dir='ltr'><strong>Novembris,</strong></span> <span class='ocrx_word' id='word_1_318' title='bbox 1378 5048 1850 5125; x_wconf 87' lang='lat' dir='ltr'><strong>Pontificatus</strong></span> <span class='ocrx_word' id='word_1_319' title='bbox 1903 5049 2150 5126; x_wconf 89' lang='lat' dir='ltr'><strong>Nostri</strong></span> <span class='ocrx_word' id='word_1_320' title='bbox 2206 5041 2418 5125; x_wconf 84' lang='lat' dir='ltr'><strong>Anno</strong></span> <span class='ocrx_word' id='word_1_321' title='bbox 2475 5049 2743 5147; x_wconf 89' lang='lat' dir='ltr'><strong>quinto.</strong></span> 
     </span>
    </p>

    <p class='ocr_par' dir='ltr' id='par_1_4' title="bbox 2131 5170 2909 5372">
     <span class='ocr_line' id='line_1_37' title="bbox 2136 5170 2909 5248; baseline 0 -2"><span class='ocrx_word' id='word_1_322' title='bbox 2136 5170 2550 5248; x_wconf 88' lang='lat' dir='ltr'><strong>Cardinalis</strong></span> <span class='ocrx_word' id='word_1_323' title='bbox 2602 5170 2909 5247; x_wconf 90' lang='lat' dir='ltr'><strong>Caesius</strong></span> 
     </span>
     <span class='ocr_line' id='line_1_38' title="bbox 2131 5293 2559 5372; baseline 0 -1"><span class='ocrx_word' id='word_1_324' title='bbox 2131 5293 2559 5372; x_wconf 78' lang='lat' dir='ltr'><strong>Glorierius.</strong></span> 
     </span>
    </p>
   </div>
  </div>
 </body>
</html>
