4055 6364
2068 714 2640 795 -114-

902 930 1382 1028 explevisset3
1456 928 1698 1025 itaque
1751 927 2165 1002 Reverendi
2220 925 2312 1001 ad
2367 948 2527 1001 eum
2582 924 2872 1001 modum
2940 924 3305 1019 negotium
3370 924 3512 998 hoc
3566 924 3811 999 decla-

901 1052 1201 1127 randum
1258 1052 1640 1126 voluerunt
1688 1055 1760 1124 et
1803 1049 2167 1147 praesenti
2224 1048 2684 1124 conclusione
2741 1047 3237 1123 declararunt:
3293 1046 3483 1144 quod
3521 1046 3593 1119 in
3634 1068 3815 1121 casu

903 1174 1076 1267 tali,
1135 1173 1258 1249 ubi
1309 1170 1919 1247 hebdomadarius
1972 1172 2296 1267 legitimo
2350 1170 2596 1268 aliquo
2652 1178 2723 1243 et
2772 1170 2985 1264 gravi
3036 1168 3546 1266 impedimento
3604 1188 3815 1265 prae·

909 1295 1234 1397 peditus,
1293 1319 1502 1370 unam
1543 1302 1666 1369 aut
1701 1294 2003 1370 alteram
2042 1294 2346 1368 Missam
2385 1316 2475 1367 ex
2510 1292 2905 1392 praedictis
2942 1292 3256 1388 quinque
3289 1314 3422 1387 per
3456 1312 3539 1365 se
3573 1290 3819 1387 ipsum

906 1419 1198 1517 explere
1252 1440 1395 1492 non
1451 1417 1704 1514 possit,
1761 1440 1892 1513 per
1947 1415 2166 1491 alium
2221 1422 2457 1491 tamen
2514 1416 2964 1491 Confratrem
3023 1436 3182 1487 eam
3238 1414 3352 1487 vel
3400 1435 3529 1489 eas
3564 1412 3818 1509 exple·-

904 1542 1154 1634 visset‚
1211 1546 1472 1613 extunc
1525 1538 1878 1633 integram
1935 1538 2259 1612 Marcam
2314 1537 2774 1612 nihilominus
2825 1537 3095 1612 habere
3133 1535 3371 1611 debet.
3428 1534 3819 1609 Caeterum

905 1663 998 1737 de
1053 1662 1182 1737 tali
1231 1660 1559 1755 legitimo
1612 1658 2129 1757 impedimento
2184 1682 2325 1733 non
2366 1661 2525 1757 ipse
2578 1659 2923 1735 duntaxat
2978 1658 3416 1733 Procurator
3468 1656 3816 1755 Capituli,

907 1785 1039 1861 sed
1109 1786 1345 1883 ipsum
1415 1781 1858 1858 Venerabile
1929 1782 2341 1880 Capitulum
2420 1782 2858 1858 ordinarium
2928 1779 3479 1875 cognoscendo,
3552 1777 3821 1854 deiude

908 1930 1208 2004 eamque
1262 1913 1694 2004 potestatem
1747 1906 2020 1982 habere
2074 1906 2311 2001 debet,
2368 1930 2533 1981 num
2585 1906 2714 1980 tali
2767 1904 3019 1980 Marca
3072 1903 3401 2002 praefata
3438 1902 3533 1978 sit
3569 1924 3821 1979 nume-

910 2030 1141 2105 randa
1195 2030 1312 2105 vel
1365 2026 1817 2123 deneganda.

2158 2232 2565 2337 CXXIX.

913 2446 1496 2531 Distributiones
1550 2445 1618 2528 in
1658 2444 1919 2529 olivam
1960 2448 2045 2528 et
2080 2444 2474 2547 amygdala
2527 2444 2836 2546 singulis
2891 2442 3335 2546 septimanis
3387 2440 3823 2527 faciendae.

1685 2568 1894 2651 Anno
1953 2566 2159 2651 1579.
2216 2566 2345 2649 Die
2401 2566 2797 2651 undecima
2851 2567 3042 2650 Maii.

1124 2762 1406 2839 Placuit
1439 2763 1774 2837 Dominis
1811 2760 2263 2837 concorditer
2298 2761 2373 2835 id
2410 2760 3005 2856 concludendum,
3048 2768 3124 2835 ut
3159 2758 3253 2834 ad
3290 2757 3820 2836 occurrendum

919 2887 1284 2984 aliquibus
1339 2884 1840 2960 exorbitantiis
1899 2891 1972 2959 et
2025 2883 2300 2958 odiosis
2356 2882 2815 2959 dissidiorum
2871 2854 3444 2959 contentionibus
3466 2938 3483 2973 ‚
3538 2905 3831 2957 exnunc

917 3012 1262 3107 deinceps
1321 3008 1861 3083 distributiones
1907 3008 1980 3079 in
2019 3008 2253 3080 oleum
2294 3014 2367 3079 et
2400 3006 2811 3105 amygdala,
2872 3003 3282 3108 quorumlin
3332 3006 3567 3103 capite
3624 3005 3827 3096 Qua-

919 3132 1370 3228 dragesimae
1427 3154 1597 3229 pars
1652 3128 1986 3225 dimidia,
2064 3137 2135 3205 et
2186 3152 2441 3204 rursus
2492 3129 2569 3204 in
2622 3128 2859 3204 medio
2912 3126 3535 3224 Quadragesimae
3592 3129 3829 3203 altera

920 3278 1092 3353 pars
1149 3254 1483 3328 distribui
1537 3253 1763 3348 solet,
1833 3253 1978 3326 iam
2036 3252 2380 3349 deinceps
2430 3253 2694 3327 futuris
2746 3251 3189 3349 temporibus
3242 3251 3546 3345 singulis
3603 3251 3813 3349 septi·

921 3378 1152 3451 manis
1208 3375 1832 3470 Quadragesimae
1888 3374 2427 3468 distribuantur,
2486 3381 2559 3448 et
2608 3374 2796 3449 inter
2850 3373 3205 3448 Dominos
3278 3381 3708 3471 praesentes
3762 3381 3834 3448 et

922 3498 1324 3573 residentes
1378 3497 1896 3595 expendantur.

2197 3697 2565 3806 CXXX.

925 3911 1278 4016 cappalia
1342 3929 1393 3994 a
1455 3913 1666 3994 novis
1740 3911 2131 3996 canonicis
2204 3912 2441 3994 semei
2513 3911 2929 3996 solvantur.
3002 3909 3209 3997 Anno
3276 3909 3549 3996 Domini
3621 3911 3829 3997 1579.

2043 4035 2172 4118 nie
2228 4031 2281 4118 6
2339 4033 2709 4119 octobris.

1136 4227 1410 4303 Habita
1461 4228 1683 4322 longa
1736 4230 1917 4304 satis
1954 4253 2041 4304 ac
2076 4231 2334 4305 iterum
2392 4237 2606 4326 atque
2642 4230 2897 4304 iterum
2950 4230 3258 4328 repetita
3308 4231 3831 4307 deliberatione

929 4364 1001 4432 et
1053 4359 1295 4426 mutuo
1348 4359 1682 4440 tractatu,
1739 4350 2150 4427 Reverendi
2205 4345 2501 4425 Domini
2556 4349 2969 4449 Capitulum
3024 4375 3243 4450 super
3296 4358 3369 4427 et
3423 4351 3514 4426 de
3570 4377 3830 4430 secun-

931 4475 1132 4550 daria
1185 4470 1614 4569 Cappalium
1653 4495 1781 4548 seu
1819 4474 2004 4550 alias
2039 4472 2331 4550 iucundi
2384 4475 2761 4568 ingressus
2816 4475 3171 4550 solutione
3228 4476 3423 4550 circa
3475 4478 3833 4576 receptio·

929 4619 1062 4672 nes
1095 4587 1170 4670 in
1208 4583 1616 4668 Ecclesiam
1656 4594 1842 4670 hanc
1881 4591 2388 4672 Cathedralem
2446 4593 3031 4671 Reverendorum
3088 4593 3561 4673 Dominorum
3614 4594 3833 4676 Prae-

930 4720 1238 4800 latorum
1293 4725 1364 4791 et
1417 4714 1943 4792 Canonicorum
1996 4719 2089 4794 ad
2144 4719 2610 4812 Praelaturas
2664 4726 2737 4793 et
2790 4717 3278 4795 Canonicatus
3330 4727 3477 4794 tam
3532 4743 3630 4796 ex
3671 4746 3832 4821 per·

931 4841 1352 4933 mutatione,
1429 4862 1643 4934 quam
1697 4839 1912 4914 etiam
1967 4864 2157 4917 nova
2209 4843 2626 4940 provisione
2687 4841 3004 4934 fiendas,
3080 4842 3299 4918 toties
3360 4843 3650 4940 quoties
3702 4846 3832 4920 ali-

935 4963 1096 5060 quis
1164 4961 1638 5036 Dominorum
1710 4962 1785 5036 in
1857 4963 2269 5039 Ecclesiam
2340 4964 2676 5040 inductus
2747 4964 3001 5058 fuerit,
3074 4965 3411 5040 facienda
3482 4973 3556 5040 et
3630 4990 3835 5066 prae-

935 5084 1194 5162 standa
1215 5141 1234 5176 ‚
1307 5079 1663 5158 statutum
1733 5084 2051 5184 desuper
2114 5086 2379 5162 editum
2436 5110 2524 5162 ae
2575 5088 2650 5162 in
2706 5085 2979 5162 Codice
3032 5087 3328 5184 antiquo
3394 5085 3840 5166 Statutorum

935 5207 1374 5304 descriptum
1412 5209 1940 5284 observandum
1983 5233 2170 5304 esse,
2228 5233 2463 5307 neque
2511 5211 2965 5306 aliquatenus
3014 5210 3527 5286 immutandum
3568 5221 3699 5287 aut
3732 5213 3835 5287 in·

936 5330 1416 5426 fringendum,
1461 5332 1986 5425 concluserunt,
2027 5339 2546 5429 contentosque
2574 5356 2657 5407 se
2684 5355 2849 5406 esse
2878 5331 3211 5407 dixerunt
3244 5333 3661 5410 Revereudi
3688 5335 3835 5409 Do·
