4055 6364
1406 846 1498 857 —
1612 800 1965 879 249—

444 1009 591 1101 Qui
644 1018 947 1085 vocatus
1000 1009 1093 1083 ad
1130 1009 1543 1107 Capitulum
1580 1031 1723 1084 non
1762 1010 2060 1101 venerit,
2121 1009 2690 1085 distributionum
2729 1008 3130 1105 privatione

228 1132 569 1229 puniatur
617 1132 821 1206 iuxta
872 1128 1248 1207 Statutum.

442 1250 835 1345 Curabunt,
890 1259 969 1327 ut
1022 1259 1303 1327 secreta
1372 1253 1718 1348 suffragia
1788 1253 2148 1335 introduci
2219 1250 2501 1350 possint
2568 1250 2642 1326 in
2697 1248 3132 1349 quibusdam

228 1372 565 1468 negotiis,
619 1380 919 1471 propter
972 1374 1139 1449 odia
1192 1372 1643 1449 declinanda.

438 1494 626 1569 Acta
698 1494 1017 1593 Capituli
1087 1519 1133 1570 a
1184 1494 1487 1571 Notario
1555 1496 1790 1572 iurato
1843 1496 2158 1572 fideliter
2221 1493 2790 1589 conscribantur,
2866 1500 2940 1567 et
3009 1515 3124 1568 se·

226 1616 474 1713 quenti
530 1614 867 1714 Capitulo
920 1618 1409 1693 auscultentur
1460 1625 1534 1692 et
1583 1618 1658 1691 in
1714 1616 2027 1693 Codices
2083 1619 2506 1694 referantur.

440 1733 725 1813 Statuta
777 1762 911 1835 per
962 1738 1405 1835 Episcopum
1462 1739 1988 1835 confirmentur,
2045 1748 2120 1814 et
2156 1762 2340 1836 quae
2383 1738 2650 1814 fuerint
2683 1735 3124 1829 confirmata,

228 1882 323 1933 ne
378 1860 821 1953 abrogentur
872 1868 996 1934 aut
1046 1868 1406 1935 mutentur
1458 1860 1617 1936 sine
1672 1862 2102 1936 authoritate
2158 1860 2533 1959 Episcopi.

436 1978 891 2055 Praefectum
954 1980 1257 2055 archivii
1330 1981 1652 2077 deligant
1718 2005 1934 2058 unum
2002 1982 2095 2057 de
2153 1981 2506 2057 Praelatis
2558 1981 2678 2053 vel
2732 1978 3124 2055 Canonicis

222 2100 663 2176 residentem
736 2108 809 2175 et
876 2102 1248 2194 idoneum,
1323 2105 1709 2181 constituto
1780 2105 1848 2177 ei
1920 2104 2164 2201 aliquo
2235 2102 2642 2195 honorario,
2699 2101 2822 2197 qui
2873 2101 3124 2191 libros,

80 2293 87 2301 .
223 2222 637 2320 privilegia,
694 2231 857 2298 acta
910 2233 981 2298 et
1032 2225 1394 2320 quaslibet
1448 2228 1842 2324 scripturas
1896 2224 2215 2324 Capituli
2259 2224 2644 2319 diligenter
2677 2230 2950 2319 servet3
3005 2220 3126 2294 In-

222 2344 625 2419 ventarium
679 2354 754 2418 et
803 2342 1275 2420 Summarium
1330 2348 1841 2446 scripturarum
1895 2370 2113 2422 uuum
2166 2368 2392 2445 penes
2445 2368 2566 2437 se,
2639 2342 2833 2417 aliud
2872 2344 2946 2416 in
2986 2340 3126 2416 Ca-

220 2464 456 2563 pitulo
511 2450 811 2563 babeat3
887 2468 1385 2564 expeditiones
1440 2478 1512 2544 et
1561 2470 2104 2544 informationes
2157 2469 2229 2542 in
2285 2467 2530 2542 causis
2583 2464 2904 2562 Capituli
2955 2485 3126 2538 con-

220 2586 538 2685 scribat3
594 2587 827 2663 literis
882 2588 1298 2687 Principum
1354 2598 1427 2663 et
1474 2590 1777 2665 aliorum
1830 2590 2263 2665 nobiliorum
2317 2610 2787 2685 personarum
2843 2586 3128 2661 nomine

222 2708 550 2806 Capituli
602 2709 1059 2807 respondeat.
1114 2711 1415 2787 Electus
1470 2720 1584 2787 est
1636 2712 1721 2787 R.
1782 2714 1875 2785 D.
1934 2709 2332 2787 Siscovius.

436 2830 645 2905 Bona
714 2834 1117 2908 communia
1191 2858 1334 2908 non
1404 2836 1641 2910 minus
1712 2858 1921 2931 quam
1971 2834 2285 2931 propria,
2357 2830 2668 2907 fideliter
2745 2835 2994 2904 curent
3057 2836 3130 2902 et

216 2960 569 3029 tractent:
628 2977 1040 3053 augereque
1094 2963 1165 3031 et
1216 2959 1289 3030 iu
1327 2958 1691 3031 meliorem
1749 2956 2231 3031 conditionem
2272 2954 2628 3030 deducere
2665 2950 3120 3025 contendant.

433 3074 867 3151 Revisiones
944 3078 1285 3152 bonorum
1376 3080 1786 3174 frequenter
1855 3078 2068 3170 fiant,
2163 3085 2234 3150 et
2303 3074 2612 3149 fideliter
2703 3073 3128 3167 sincereque

215 3198 645 3272 referantur.

432 3319 520 3392 In
574 3319 958 3394 traditione
1013 3320 1433 3396 Castrorum
1490 3321 2033 3419 Episcopalium
2089 3320 2160 3393 in
2219 3317 2592 3412 arandam,
2650 3340 2937 3414 semper
2989 3315 3120 3390 ali-

215 3464 433 3536 quem
488 3465 529 3515 e
584 3439 923 3538 Capitulo
963 3442 1442 3540 deputandum
1480 3442 1953 3517 decernimus:
2010 3442 2128 3515 cui
2163 3441 2632 3514 iuramentum
2681 3436 3124 3535 Capitancus

221 3562 313 3636 de
372 3585 515 3636 non
571 3563 945 3638 tradendis
973 3563 1257 3638 Castris
1311 3561 1503 3638 Sede
1556 3571 1881 3654 vacante,
1939 3563 2080 3636 nisi
2132 3563 2207 3636 in
2244 3584 2500 3635 manus
2535 3559 2874 3658 Capituli,
2912 3579 3124 3656 prac-

220 3691 422 3758 stare
476 3693 823 3759 teneatur.

434 3805 1036 3880 Distributionem
1093 3805 1579 3904 quotidianam
1637 3829 1918 3902 panum,
1978 3829 2068 3881 ne
2105 3805 2410 3901 pecunia
2446 3803 2821 3894 redimant,
2876 3807 2954 3876 ut
2989 3800 3114 3874 ha-

108 3936 119 3944 '
220 3929 445 4002 beant
515 3928 859 4002 maiorem
932 3935 1005 4002 et
1084 3926 1633 4003 commodiorem
1705 3927 2162 4003 occasionem
2232 3925 2586 4020 largiendi
2658 3921 3118 4021 pauperibus.

435 4048 731 4124 Maroae
806 4049 1241 4142 duodecem,
1316 4072 1500 4146 quae
1571 4050 1644 4121 in
1717 4046 2030 4123 iucundo
2100 4048 2439 4140 ingressu
2509 4069 2555 4120 a
2607 4043 2918 4139 singulis
2992 4065 3124 4140 pro

222 4193 464 4267 cappa
536 4168 812 4264 dantur,
864 4171 998 4245 sub
1055 4169 1325 4268 duplici
1400 4170 1735 4245 clausura
1806 4175 2204 4262 serventur,
2274 4177 2347 4243 et
2412 4167 2506 4242 ad
2579 4166 2850 4241 nullum
2905 4164 3126 4239 alium

156 4353 167 4366 .
218 4313 432 4366 usum
487 4299 1035 4387 convertantur,
1110 4293 1251 4366 nisi
1306 4290 1399 4366 ad
1455 4299 1869 4367 ornamenta
1919 4290 2302 4365 Ecclesiae
2324 4348 2342 4385 ,
2417 4292 2703 4386 sintque
2773 4287 2928 4364 eius
2998 4309 3122 4384 pe-

224 4412 488 4487 cuniae
543 4420 887 4510 acceptae
944 4422 1017 4488 ct
1070 4415 1443 4511 expositae
1500 4420 1840 4510 separata
1890 4422 2244 4507 regestra.

119 4523 125 4527 ’
434 4533 646 4610 Taxa
696 4536 867 4610 item
920 4537 1295 4612 domorum
1318 4591 1335 4624 ,
1413 4558 1596 4632 quae
1647 4536 1742 4609 ab
1796 4557 2228 4632 unoquoque
2281 4533 2471 4608 solvi
2523 4533 2742 4624 solet,
2797 4536 3127 4607 servetur

224 4656 366 4730 sub
405 4656 677 4754 duplici
713 4658 1086 4752 clausura,
1145 4666 1217 4733 et
1253 4659 1345 4732 ad
1386 4679 1758 4732 commune
1796 4654 2117 4751 Capituli
2153 4654 2601 4730 commodum
2640 4659 3121 4728 convertatur.

437 4777 527 4850 In
582 4776 915 4853 domibus
968 4777 1494 4853 Canonicorum
1553 4778 1891 4852 mulieres
1943 4801 2035 4851 ne
2087 4777 2442 4870 habitent,
2501 4798 2662 4850 cum
2715 4798 2858 4850 non
2911 4774 3125 4849 modo

220 4923 269 4972 a
323 4899 514 4973 malo
570 4901 700 4974 sed
774 4901 990 4974 ctiam
1044 4926 1089 4975 a
1142 4900 1557 4999 suspicione
1626 4906 1699 4972 et
1753 4899 2139 4973 occasione
2209 4897 2382 4972 mali
2444 4895 2949 4974 abstinendum
3007 4894 3121 4969 sit.

226 5019 818 5118 Hospitalitatem
874 5029 1113 5096 tamen
1171 5044 1347 5117 erga
1400 5021 1981 5114 consanguineas
2033 5043 2176 5094 non
2232 5019 2719 5116 prohibemus.

433 5140 581 5232 Qui
632 5141 727 5216 ad
785 5143 1298 5240 praestimonia
1370 5151 1571 5217 extra
1626 5149 1909 5240 tempus
1962 5141 2304 5216 messium
2357 5139 2930 5238 proficiscuntur,
2988 5158 3121 5234 pro

222 5269 384 5337 rata
435 5264 803 5362 temporis,
861 5288 1001 5362 quo
1054 5267 1149 5339 ab
1202 5264 1539 5340 Ecclesia
1606 5266 1869 5340 absunt
1890 5323 1909 5357 ,
1960 5262 2502 5339 distributiones
2573 5285 2717 5337 non
2786 5259 3123 5352 habeant,

226 5383 372 5460 nisi
425 5386 717 5482 cognita
768 5393 842 5462 et
892 5389 1295 5486 approbata
1346 5411 1567 5464 causa
1620 5388 1693 5462 in
1748 5385 2090 5488 Capitulo
2144 5395 2310 5464 ante
2362 5385 2481 5461 vel
2535 5390 2816 5572 post.38
