4055 6364
2110 789 2205 807 ...
2317 743 2419 826 ῃ,
2517 785 2625 808 ..-

2234 953 2485 1058 ΧΧΙ.

907 1167 1020 1250 ne
1073 1165 1568 1269 susceptione
1615 1163 2037 1268 aopi-aedis
2081 1163 2543 1267 episcopalia
2586 1163 3120 1248 canonicorum
3171 1164 3813 1250 cracoviensium.

1113 1377 1321 1472 Item,
1379 1375 1566 1453 Cum
1615 1383 1664 1450 a
1715 1375 1956 1452 Nobis
2008 1375 2323 1451 debeant
2374 1373 2739 1452 consolari
2790 1381 2863 1450 et
2893 1375 3219 1475 praemio
3268 1373 3593 1472 gaudere
3642 1401 3815 1476 spe·

901 1499 1098 1595 ciali,
1149 1499 1266 1574 ini
1318 1499 1708 1598 praecipue
1762 1498 1886 1596 qui
1931 1497 2338 1574 Nobiscum
2410 1499 2745 1575 continue
2812 1504 3103 1597 portant
3154 1498 3479 1597 pondera
3541 1497 3691 1574 diei
3740 1505 3823 1578 et

903 1629 1178 1716 aestus,
1235 1619 1307 1696 N
1309 1621 1614 1719 obisque
1665 1620 1742 1696 in
1794 1619 2107 1718 negotiis
2158 1619 2541 1696 Ecclesiae
2594 1621 2945 1697 assistunt
2996 1620 3263 1696 auxilio
3284 1675 3305 1714 ,
3378 1621 3687 1698 consilio
3736 1629 3821 1700 et

902 1744 1193 1849 favore,
1251 1749 1324 1820 et
1375 1767 1537 1820 oum
1591 1742 1683 1820 de
1733 1757 2035 1819 numero
2084 1741 2375 1819 illorum
2428 1743 2818 1843 praecipue
2872 1743 3017 1818 sint
3062 1742 3329 1818 stati-es
3381 1743 3617 1819 nostri
3666 1742 3813 1820 Ca-

903 1865 1148 1941 nonici
1167 1922 1186 1961 ,
1259 1865 1545 1941 scilicet
1593 1864 1981 1941 Ecclesiae
2033 1871 2366 1959 nostrae,
2444 1865 2868 1962 statuimus3
2944 1862 3137 1961 quod
3190 1862 3359 1942 dum
3410 1865 3627 1964 ipsos
3686 1865 3813 1940 vel

907 2009 1156 2064 eorum
1209 1986 1545 2084 aliquem,
1602 2009 1696 2062 ex
1747 2008 1972 2065 causa
2022 1985 2351 2082 legitima
2399 1987 2475 2062 in
2528 1987 2785 2063 itinere
2858 1986 3317 2062 constitutum
3368 1987 3627 2064 domos
3678 2011 3813 2066 seu

905 2109 1146 2184 curias
1213 2116 1502 2186 nostras
1573 2109 2035 2209 episcopales
2106 2108 2551 2184 descendere
2621 2117 2695 2184 et
2751 2109 3051 2185 visitare
3120 2109 3543 2206 contigerit,
3619 2109 3811 2208 quod

905 2254 1040 2330 per
1089 2230 1610 2308 Procuratores
1663 2230 2019 2308 curiarum
2088 2231 2485 2308 honorifice
2539 2231 2880 2331 suscepti,
2934 2232 3011 2306 in
3062 2233 3405 2330 expensis
3463 2255 3809 2308 neccssa-

903 2353 1037 2428 riis
1086 2351 1290 2426 iuxta
1344 2351 1746 2429 decentiam
1816 2361 2290 2451 procurentur
2310 2409 2328 2446 ,
2400 2360 2614 2452 prout
2665 2377 2710 2428 a
2760 2349 3469 2430 Praedecessoribus
3538 2354 3809 2430 nostris

907 2470 1000 2549 de
1055 2472 1575 2550 consuetudine
1624 2472 1980 2551 laudabili
2034 2477 2269 2551 fuerat
2320 2477 2800 2553 observatum.

2212 2802 2503 2904 XXII.

980 3012 1088 3097 ue
1143 3010 1557 3095 medietate
1611 3011 2008 3096 solutionis
2065 3011 2561 3115 impensarum
2616 3028 2783 3094 cum
2840 3010 3205 3115 Episcopo
3260 3009 3747 3097 cracoviensi

1864 3152 2000 3237 pro
2058 3133 2307 3218 litibus
2363 3133 2783 3218 Ecclesiae.

1001 3366 1010 3371 ·
1117 3344 1509 3420 Praeterea
1581 3344 1959 3420 statuimus
2033 3343 2225 3442 quod
2296 3343 2467 3419 dum
2520 3352 2595 3421 et
2646 3344 2929 3442 quoties
2981 3345 3141 3422 Nos
3195 3353 3271 3422 et
3321 3346 3623 3423 Fratres
3676 3369 3803 3422 no-

907 3473 1098 3542 stros
1113 3522 1132 3561 ,
1188 3466 1432 3563 aliqua
1483 3466 1711 3542 ardua
1761 3466 2055 3563 negotia
2105 3465 2516 3542 Ecclesiam
2569 3474 2887 3542 nostram
2956 3472 3353 3567 tangentia,
3404 3468 3598 3569 apud
3646 3469 3801 3543 Do-

904 3588 1142 3663 minos
1193 3596 1522 3663 nostros:
1578 3588 1891 3689 Papam,
1965 3586 2247 3685 Regem
2320 3596 2393 3664 et
2462 3596 2789 3665 caeteros
2860 3588 3242 3691 Principes
3316 3590 3659 3690 expedire
3728 3598 3807 3667 et

904 3732 1356 3809 promovere,
1410 3709 1532 3785 vel
1567 3710 1851 3807 aliquas
1903 3710 2327 3786 vexationes
2377 3709 2734 3787 redimere
2788 3712 3191 3809 contigerit,
3248 3737 3470 3813 super
3516 3734 3799 3813 promo·

906 3830 1164 3907 vendis
1214 3831 1625 3907 huiusmodi
1677 3832 1893 3908 factis
1943 3833 2067 3907 vel
2117 3830 2555 3909 redimendis
2606 3833 3131 3930 vexationibus,
3194 3834 3269 3912 N
3271 3858 3357 3914 os
3409 3836 3501 3912 de
3552 3858 3799 3911 mensa

905 3960 1153 4033 nostra
1205 3951 1660 4029 medietatem
1713 3962 2117 4052 sumptuum
2140 4012 2159 4049 ,
2235 3952 2645 4053 Capitulum
2714 3978 2889 4031 vero
2958 3954 3257 4033 Fratres
3326 3958 3591 4053 nostri,
3666 3978 3801 4031 uns

905 4098 1066 4165 cum
1120 4073 1338 4151 Clero
1391 4076 1612 4151 totius
1660 4076 2047 4151 Dioecesis
2099 4077 2419 4173 regulari
2456 4084 2529 4153 et
2564 4076 2943 4174 saeculari,
2998 4078 3296 4155 alteram
3348 4080 3801 4157 medietatem

907 4198 1209 4294 quilibet
1280 4197 1845 4275 contradictione
1898 4221 2041 4274 non
2096 4202 2428 4275 obstante
2448 4256 2467 4293 ,
2538 4199 3035 4297 persolvemus
3056 4256 3075 4295 ,
3146 4200 3530 4280 Fratribus
3584 4202 3797 4279 etiam

910 4320 1180 4394 nostris
1229 4319 1620 4418 praedictis
1671 4319 1744 4393 in
1785 4320 2145 4415 exigendo
2197 4321 2567 4419 impensas
2602 4346 2646 4396 a
2683 4320 2924 4415 Olero,
2962 4329 3041 4397 ut
3076 4325 3539 4423 praedicitur,
3590 4346 3799 4421 regu-

905 4440 1044 4515 lari
1097 4450 1170 4515 et
1221 4442 1581 4517 saeculari
1652 4442 1984 4517 volumus
2056 4442 2403 4521 assistere
2476 4444 2781 4519 consilio
2853 4447 3126 4523 auxilio
3178 4455 3252 4523 et
3301 4449 3552 4525 favore
3572 4504 3597 4543 ,
3662 4447 3803 4523 hoc

785 4616 794 4625 .
905 4562 1142 4659 ipsum
1195 4559 1762 4639 Successoribus
1815 4564 2085 4640 nostris
2136 4564 2546 4641 faciendum
2595 4564 3023 4643 indicamus.
