4055 6364
2110 688 2236 771 -’
2311 716 2460 792 310
2567 761 2663 773 -

943 926 1433 1001 nistrationem
1488 925 1925 1023 spiritualem
1981 934 2054 1001 et
2104 927 2567 1024 temporalem
2619 927 2874 1025 ipsius,
2931 927 3135 1001 euius
3183 927 3840 1001 administrationis

942 1049 1288 1122 rationem
1341 1048 1415 1121 in
1452 1047 1566 1121 die
1620 1047 1879 1122 Iudicii
1930 1054 2001 1123 te
2039 1048 2350 1123 Domino
2403 1047 2841 1123 redditurum
2897 1050 3114 1124 scias.
3167 1048 3395 1124 Iubeo
3450 1056 3837 1145 praeterea

944 1170 1073 1244 tibi
1128 1170 1216 1244 de
1268 1170 1499 1268 ipsius
1550 1169 1900 1253 fructibus
1952 1178 2024 1245 et
2078 1171 2626 1246 obventionibus
2681 1173 2772 1244 ab
2825 1171 2939 1246 his
2993 1193 3291 1267 quorum
3352 1170 3657 1244 interest
3709 1192 3830 1243 re-

946 1290 1305 1389 sponderi.
1364 1293 1445 1365 In
1500 1292 1782 1365 nomine
1833 1291 2074 1367 Patris
2128 1300 2199 1367 et
2249 1292 2382 1368 filii
2435 1300 2506 1368 et
2559 1290 2868 1390 Spiritus
2922 1289 3170 1367 Sancti
3221 1290 3482 1366 Amen.
3571 1351 3585 1361 .

1150 1552 1387 1634 Quibus
1432 1549 1623 1617 finitis
1670 1550 2023 1635 assignatur
2068 1550 2244 1617 locus
2287 1549 2352 1615 in
2399 1550 2600 1617 Chore
2645 1552 2982 1631 Ecclesiae,
3033 1551 3164 1618 sive
3202 1552 3438 1635 dextro,
3485 1552 3618 1619 sive
3667 1552 3833 1618 sini-

946 1657 1095 1737 stre,
1146 1656 1210 1721 et
1244 1656 1651 1725 Introducens
1686 1657 2065 1739 protestetur
2102 1656 2177 1722 de
2213 1655 2472 1740 pacifica
2515 1658 2914 1741 possessione
2947 1655 3046 1723 his
3083 1657 3319 1725 verbis:

1152 1794 1525 1871 Protestor
1577 1796 1669 1871 de
1725 1795 2022 1893 pacifica
2077 1798 2542 1894 possessione
2593 1798 2805 1873 huius
2857 1796 3132 1874 Altaris
3187 1813 3354 1901 (tor).

1148 1916 1521 1993 Protestor
1574 1918 1663 1992 de
1718 1918 2022 2015 pacifica
2074 1920 2539 2017 possessione
2591 1919 2802 1995 huius
2855 1917 3066 1994 Stalli
3119 1934 3287 2021 (ter).

1152 2039 1519 2116 Protestor
1574 2039 1662 2113 de
1716 2040 2023 2137 pacifica
2074 2042 2539 2138 possessione
2591 2041 2802 2117 huius
2854 2041 3000 2117 loci
3051 2056 3221 2141 (ter).

1150 2210 1389 2277 Deinde
1426 2212 1794 2297 aspergatur
1840 2230 1999 2295 aqua
2046 2212 2393 2293 benedicta,
2445 2213 2709 2297 posthac
2743 2212 2810 2293 in
2846 2210 3133 2295 Capitulo
3180 2213 3461 2279 tradatur
3503 2212 3602 2278 illi
3649 2215 3830 2279 vocis

946 2334 1283 2399 possessio.

1150 2455 1327 2519 quta
1371 2456 1703 2521 Decretum
1750 2453 2015 2538 Capituli
2067 2456 2146 2523 de
2193 2455 2377 2523 Anno
2429 2454 2615 2534 1880,
2685 2456 2828 2538 post
2873 2456 3383 2543 protestationem
3429 2456 3505 2522 de
3552 2455 3830 2539 pacifica

945 2569 1338 2652 possessione
1388 2568 1593 2649 stalli,
1645 2568 1920 2635 canitur:
1977 2562 2088 2637 Te
2143 2564 2376 2639 Deum
2429 2562 2825 2638 laudamus.
