4055 6364
1416 714 1981 795 —101-

450 922 665 1000 Anno
735 924 1032 999 Domini
1102 925 1497 1031 Millesimo
1569 925 2171 1020 Quingentesimo
2243 920 2795 1021 Septuagesimo
2869 932 3144 1020 quarto,

254 1046 385 1119 Die
447 1045 545 1119 15
596 1047 875 1122 Mensis
926 1047 1129 1142 Maii,
1187 1048 1259 1122 iu
1315 1047 1640 1143 generali
1696 1047 2056 1145 Capitulo.

454 1166 813 1258 Quoniam
868 1171 1194 1245 nonnulli
1264 1171 1782 1264 Dominorum,
1858 1169 1981 1267 qui
2037 1193 2126 1243 ex
2182 1168 2516 1263 Collegit>
2569 1168 2712 1244 hoc
2763 1168 2856 1242 ad
2909 1171 3152 1267 aliqua

252 1288 627 1365 Ecclesiae
704 1301 778 1367 et
868 1293 1271 1367 communia
1350 1294 1641 1388 negotia
1726 1292 2193 1389 deputantur,
2285 1293 2572 1366 tametsi
2652 1291 3152 1389 deputationes

254 1412 603 1488 eiusmodi
654 1422 728 1489 et
778 1415 1072 1509 negotia
1142 1423 1521 1513 acceptare
1594 1414 1915 1503 soleant,
1987 1424 2226 1489 tamen
2295 1414 2426 1488 illa
2491 1414 2611 1487 vel
2661 1415 3153 1509 negligentius

254 1535 558 1629 obeunt,
628 1538 749 1611 vel
800 1560 1100 1633 prorsus
1152 1539 1421 1613 intacta
1472 1537 1920 1633 relinquunt,
1997 1536 2298 1633 privatis
2353 1536 2506 1611 suis
2558 1536 2834 1611 interea
2895 1539 3152 1632 magis,

258 1679 465 1750 qnam
522 1658 831 1755 publicis
882 1660 1172 1762 intenti3
1229 1660 1419 1734 unde
1458 1682 1835 1734 occurrere
1878 1659 2049 1734 huic
2099 1659 2289 1733 malo
2338 1659 2687 1747 volentes,
2744 1658 3154 1734 Reverendi

258 1776 549 1853 Domini
598 1782 669 1854 in
722 1782 867 1857 hoc
920 1780 1256 1881 Capitulo
1310 1782 1637 1877 generali
1692 1783 2139 1878 congregati,
2199 1790 2268 1857 et
2308 1804 2397 1855 ne
2452 1804 2584 1877 per
2637 1780 3152 1873 negligentiam

260 1900 629 1995 eiusmodi,
667 1903 788 1977 vel
826 1904 1014 1999 quod
1058 1905 1268 1997 absit,
1310 1928 1439 2001 per
1489 1906 2012 1979 conniventiam
2054 1902 2499 1999 quorundam
2535 1901 2784 1997 gravis
2829 1902 3150 1997 aliquan-

262 2020 349 2095 do
392 2023 666 2099 iactura
716 2024 1019 2099 Mensae
1058 2028 1455 2124 capitulari,
1512 2027 1631 2101 vel
1668 2026 2164 2119 detrimentum
2221 2025 2432 2099 bonis
2487 2024 2885 2117 Ecclesiae,
2944 2024 3157 2097 etiam

260 2140 817 2243 Episcopalibus
872 2147 1239 2240 inferatur,
1312 2150 1693 2247 providere
1772 2150 2184 2247 cupientes,
2258 2146 2738 2222 concordibus
2791 2146 3156 2239 suffragiis

262 2262 599 2363 deinceps
670 2267 1121 2342 statuendum
1200 2278 1271 2343 et
1333 2268 1859 2345 decernendum
1934 2276 2400 2367 putaverunt,
2473 2270 2575 2343 ita
2645 2275 2724 2341 ut
2793 2262 3206 2365 praesenti'

262 2385 571 2462 Decreto
626 2396 1027 2464 statuerunt
1080 2397 1152 2464 et
1200 2400 1612 2483 sanxerunt,
1672 2392 1805 2465 sub
1862 2390 2382 2488 approbatione
2436 2398 2672 2463 tamen
2729 2397 2800 2464 et
2853 2411 3158 2463 assensu

264 2506 870 2585 Reverendissimi
939 2512 1238 2586 Domini
1311 2513 1537 2588 nostri
1610 2512 1793 2586 Loci
1846 2510 2260 2586 Ordinarii:
2318 2518 2394 2585 ut
2447 2511 2749 2607 quilibet
2808 2511 3155 2585 Domino-

266 2652 417 2703 rum
455 2633 819 2725 negotium
870 2632 1253 2707 Ecclesiae
1292 2643 1365 2708 et
1401 2634 1716 2727 Oollegii
1752 2633 1985 2725 huius,
2051 2633 2495 2728 Mensaeque
2552 2633 2972 2728 capitularis
3017 2633 3158 2707 sibi

266 2750 643 2851 iniunctum
720 2755 1107 2850 diligenter
1178 2758 1379 2831 obire
1436 2757 1901 2852 studioseque
1958 2765 2031 2830 et
2085 2763 2461 2846 accurate,
2537 2756 2671 2829 sub
2725 2755 2980 2851 poenis
3035 2779 3154 2829 cx-

267 2872 603 2949 clusionis
656 2900 701 2949 a
758 2875 1115 2973 Capitale,
1185 2879 1750 2976 privationisque
1806 2902 1944 2952 non
2004 2880 2232 2953 solum
2293 2877 2870 2953 distributionum
2927 2878 3154 2973 quoti-

270 2992 666 3093 dianarum,
744 3000 874 3073 sed
946 3001 1163 3074 etiam
1219 3002 1501 3077 Domus
1574 3001 2016 3076 canonicalis
2070 3024 2158 3073 ac
2210 2999 2455 3073 Villae
2526 2998 3154 3096 praestimonialis,

270 3116 447 3193 alias
494 3120 692 3195 iuxta
746 3121 989 3196 damni
1046 3119 1265 3223 (quod
1324 3121 1541 3225 absit)
1599 3123 1954 3198 inferendi
2007 3121 2609 3216 aestimationem,
2667 3120 2963 3196 arbitrio
3018 3118 3156 3195 Ca·

269 3240 548 3334 pitulari
616 3245 1119 3339 extendendis,
1187 3244 1749 3343 promovendum
1826 3253 1898 3319 et
1952 3243 2479 3343 procurandum
2549 3265 2834 3340 semper
2905 3265 3159 3316 curare

272 3360 541 3458 debeat,
595 3373 944 3462 teneatur,
1005 3369 1241 3465 sitque
1293 3369 1703 3460 adstrictus,
1762 3369 2079 3443 Decreto
2133 3365 2498 3463 praesenti
2550 3364 2930 3439 mediante.

1534 3677 1891 3778 CXXII.

278 3881 638 3970 ordinatio
686 3885 781 3970 tle
828 3886 1435 3989 deputationum
1495 3886 1591 3968 ad
1641 3885 1913 3969 limites
1961 3887 2046 3967 et
2094 3885 2243 3968 alia
2293 3884 2553 3968 officia
2600 3871 2805 3965 iuxta
2850 3884 3159 3967 senium.

276 4004 472 4088 Anno
542 4009 813 4091 Domini
886 4008 1268 4092 Hillesimo
1342 4008 1946 4109 nungentesimo
2018 4007 2596 4107 septuagesimo
2670 4007 2958 4107 quarto.
3033 4006 3159 4088 Die

364 4136 374 4142 “
1074 4209 1089 4225 ,
1169 4129 1533 4212 sabbathi
1589 4131 1665 4212 15
1723 4129 2004 4211 Mensis
2061 4128 2251 4210 uait.

476 4337 653 4415 Cum
727 4341 820 4414 ab
884 4341 1093 4415 annis
1164 4343 1331 4439 plus
1400 4342 1637 4417 minus
1709 4340 1956 4415 decem
2033 4341 2379 4438 proximis
2451 4341 2844 4436 agitaretur
2895 4341 2968 4414 in
3023 4340 3163 4414 hoe

278 4457 681 4537 Venerabili
742 4460 1111 4537 Consessu
1179 4464 1559 4562 capitulari
1615 4463 1943 4559 quaestio
1999 4486 2223 4560 super
2276 4462 2857 4559 deputationibus
2912 4464 3160 4538 Domi-

279 4605 515 4658 norum
551 4585 641 4658 ad
681 4585 973 4678 negotia
1026 4585 1428 4679 Ecclesiae,
1487 4586 1769 4682 quoties
1824 4591 2199 4679 emergunt
2235 4584 2706 4682 expedienda,
2765 4593 2836 4659 et
2871 4584 3161 4679 signan-

280 4710 380 4778 ter
414 4704 501 4779 ad
538 4707 725 4780 fines
776 4707 1122 4780 bonorum
1178 4708 1642 4803 regulandOS,
1701 4707 2372 4801 controversiasque
2425 4707 2728 4780 limitum
2781 4707 3161 4781 terminan-

282 4825 439 4919 das,
494 4834 638 4901 tam
696 4829 975 4904 scilicet
1025 4829 1327 4904 Mensae
1382 4829 1854 4926 episcopalis,
1912 4851 2125 4924 quam
2181 4829 2392 4903 etiam
2449 4830 2797 4904 bonorum
2852 4828 3164 4923 Collegii

278 4946 497 5043 huius,
553 4974 645 5023 an
706 4949 1041 5025 videlicet
1076 4975 1209 5025 eae
1242 4951 1402 5026 fieri
1456 4951 1766 5025 debeant
1802 4974 1893 5024 ex
1929 4951 2134 5025 senio
2174 4960 2244 5025 et
2285 4954 2482 5026 iuxta
2537 4952 2858 5026 ordinem
2913 4949 3160 5024 Domi-

282 5093 559 5164 norum‚
632 5073 751 5146 vel
820 5073 1032 5146 ctiam
1088 5073 1189 5146 ita
1244 5074 1649 5170 promiscue
1705 5073 2094 5147 secundum
2170 5082 2484 5147 veterem
2551 5071 3160 5163 consuetudinem,

279 5193 453 5266 tales
504 5193 596 5267 ad
652 5193 1005 5268 eiusmodi
1058 5195 1349 5290 negotia
1419 5193 1895 5270 absolvenda.
1939 5217 2227 5294 semper
2289 5196 2602 5271 debeant
2672 5219 2835 5269 esse
2911 5193 3161 5290 parati,

281 5314 862 5412 quemadmodum
936 5341 1023 5390 ea
1077 5315 1169 5393 de
1220 5343 1301 5392 re
1363 5318 1670 5394 Decreta
1742 5319 1941 5395 varia
2015 5325 2088 5396 et
2137 5318 2327 5396 iuter
2380 5341 2460 5392 se
2517 5340 2661 5396 nou
2732 5338 2982 5415 parum
3055 5314 3162 5390 di-
