4055 6364
2118 753 2691 831 -244-

1163 964 1409 1040 Tertia
1465 963 1769 1058 Tabula,
1826 964 1900 1038 in
1956 987 2097 1060 qua
2151 964 2333 1038 ratio
2390 956 2634 1037 Officii
2688 952 3210 1049 septimanatim
3284 953 3635 1027 recitandi
3726 955 3853 1030 de·

958 1089 1227 1184 scripta
1280 1087 1406 1181 sit,
1480 1095 1558 1161 ut
1610 1086 2097 1183 unusquisque
2171 1087 2408 1161 statim
2480 1083 2729 1159 videre
2802 1077 3071 1176 possit,
3127 1091 3219 1146 an
3276 1076 3371 1148 sit
3424 1074 3851 1152 dicendum:

959 1207 1217 1284 Gloria
1269 1209 1341 1281 in
1399 1209 1734 1301 excelsis,
1793 1206 2055 1299 Credo,
2114 1209 2223 1282 Ite
2278 1209 2502 1284 missa
2536 1215 2668 1298 est,
2728 1197 3439 1278 commemorationes
3475 1221 3659 1294 quae
3704 1201 3859 1274 sint

957 1329 1362 1424 faciendae,
1421 1339 1560 1405 etc.

1163 1451 1398 1527 Fores
1469 1453 1562 1527 ad
1617 1454 1864 1528 turrim
1937 1476 2444 1550 campanarum
2499 1449 2923 1527 claudantur
2975 1467 3020 1516 a
3074 1439 3552 1537 sanctuariis,
3628 1467 3721 1518 ne
3774 1445 3855 1518 in

958 1582 1146 1649 tecto
1202 1572 1464 1648 damna
1516 1573 1716 1647 fiant.

1167 1691 1574 1770 Sanctuarii
1625 1703 1995 1784 tonsuram
2050 1696 2458 1770 clericalem
2514 1695 2795 1768 deferre
2850 1689 3134 1779 debent,
3172 1693 3243 1760 et
3276 1686 3597 1761 habitum
3633 1711 3680 1759 a
3712 1687 3851 1759 lai-

961 1819 1074 1892 cis
1127 1818 1391 1892 habere
1448 1817 1693 1913 aliquo
1746 1817 1960 1893 modo
2015 1817 2401 1894 diversum.
2493 1815 2707 1908 Quod
2760 1813 3073 1888 Domino
3129 1807 3433 1884 Custodi
3486 1830 3849 1904 exequen-

960 1938 1124 2014 dum
1179 1939 1660 2014 committitur.

1166 2062 1677 2158 Reliquiarum,
1756 2085 1940 2157 quae
2009 2062 2363 2138 habentur
2412 2065 2487 2137 in
2542 2060 2900 2152 Ecclesia,
2960 2053 3449 2130 praedicatori
3505 2050 3847 2127 Cathalo-

957 2207 1128 2278 gum
1184 2183 1355 2257 dare
1413 2184 1679 2258 debent
1730 2183 2289 2277 Vicecustodes‚
2363 2193 2439 2259 ut
2492 2183 2761 2282 populo
2817 2178 3319 2254 denuntientur
3371 2182 3583 2250 antea
3635 2196 3848 2270 quam

961 2307 1227 2403 exponi
1282 2305 1539 2396 solent,
1597 2313 1889 2403 propter
1943 2306 2395 2382 devotionem
2453 2304 2927 2380 excitandam.

1171 2425 1344 2502 Sine
1409 2429 1594 2502 scitu
1657 2425 2010 2525 Episcopi
2065 2436 2135 2502 et
2188 2427 2505 2526 Capituli
2558 2427 2659 2500 nil
2714 2425 2805 2500 de
2860 2421 3294 2520 supellectili
3350 2419 3849 2495 ecclesiastica

964 2552 1220 2648 cuique
1257 2549 1686 2624 donandum.

1170 2670 1461 2748 Vexilla
1515 2679 1585 2745 et
1639 2677 2056 2745 ornamenta
2110 2670 2461 2745 Altarium
2530 2667 3057 2746 Vicecustodes
3108 2669 3183 2740 iu
3234 2674 3589 2764 tempore,
3644 2673 3844 2738 ante·

962 2818 1171 2892 quam
1224 2794 1537 2891 populus
1589 2793 1932 2888 frequens
1986 2800 2119 2887 est,
2176 2794 2474 2867 eferant.

1506 3069 1610 3151 ne
1669 3069 2069 3168 praelatis,
2129 3069 2541 3169 canonicis,
2600 3071 2912 3171 totoque
2968 3068 3323 3170 capitulo.

1168 3280 1843 3356 Reverendissimus
1916 3282 2272 3359 Dominus
2346 3282 2901 3376 Suffraganeus,
2984 3281 3057 3352 in
3129 3278 3379 3353 ordine
3451 3273 3845 3373 episcopali

962 3411 1210 3478 nostra
1263 3403 1503 3477 officia
1554 3402 1884 3497 fideliter,
1944 3404 2111 3479 dum
2168 3427 2302 3479 nos
2358 3404 2521 3478 aliis
2558 3405 2871 3497 negotiis
2910 3402 3239 3500 occupati
3275 3422 3537 3492 sumne,
3592 3398 3839 3471 obeat:

961 3525 1377 3600 matutinum
1431 3534 1502 3599 et
1554 3527 2040 3622 vespertinum
2097 3526 2474 3620 Officium,
2543 3526 2818 3601 Missae
2883 3518 3052 3600 item
3108 3522 3534 3599 sacrificium
3592 3520 3845 3593 diebus

868 3680 878 3691 ·
965 3646 1382 3721 solennibus
1453 3646 1806 3743 celebret;
1882 3648 1954 3720 in
2011 3657 2316 3743 quatuor
2386 3649 2555 3723 anni
2623 3649 3067 3745 temporibus
3141 3642 3431 3720 ordines
3502 3642 3841 3730 conferat,

963 3791 1106 3841 non
1159 3775 1396 3842 tamen
1451 3768 1605 3842 sine
1660 3770 1985 3843 examine
2040 3770 2132 3843 R.
2189 3770 2701 3845 Archidiaconi
2758 3771 2873 3843 vel
2928 3770 3213 3843 nomine
3268 3768 3426 3841 eius
3479 3764 3840 3861 deputati;

962 3913 1094 3987 pro
1145 3890 1378 3964 literis
1447 3890 1772 3993 formatis
1835 3891 2185 3966 notarium
2267 3915 2469 3967 suum
2540 3890 2887 3966 decimam
2959 3898 3230 3965 tantum
3302 3888 3501 3963 aurei
3570 3894 3841 3984 partem

968 4012 1300 4109 accipere
1353 4012 1717 4109 permittat
1769 4006 1945 4113 (Ses.
2003 4014 2117 4086 21.
2182 4012 2356 4109 Cap.
2400 4014 2463 4087 1.
2520 4011 2608 4085 de
2657 4010 2935 4111 reson).

1170 4129 1707 4208 Sacramentum
1765 4134 2325 4208 confirmationis
2380 4136 2747 4209 conferat:
2805 4134 3021 4209 certis
3076 4134 3331 4208 diebus
3364 4132 3574 4208 festis
3610 4132 3697 4205 ad
3738 4130 3839 4203 vi-

965 4256 1126 4329 cina
1179 4254 1446 4352 oppida
1501 4264 1747 4351 posset
1801 4278 2205 4346 excurrere,
2281 4265 2356 4330 et
2403 4257 2504 4331 ibi
2559 4256 3001 4348 confirmare,
3078 4254 3611 4330 denuntiatione
3678 4263 3843 4328 ante

965 4383 1127 4450 octo
1200 4376 1357 4450 dies
1430 4376 1520 4449 ad
1577 4377 1920 4475 populum
1987 4378 2218 4471 facta,
2298 4387 2373 4453 ut
2426 4378 2740 4475 populus
2814 4378 2903 4451 de
2976 4378 3515 4453 confirmatione
3584 4378 3843 4453 instrui

963 4499 1218 4597 possit.

1169 4618 1546 4694 Ecclesias
1599 4620 1768 4695 item
1822 4624 2103 4698 noviter
2158 4630 2520 4697 extructas
2573 4622 2691 4695 vel
2744 4629 3188 4697 restauratas
3240 4621 3633 4719 requisitus
3668 4630 3839 4697 tem-

963 4764 1140 4838 pore
1195 4741 1569 4814 commodo
1633 4765 2059 4819 consecrare
2114 4753 2186 4819 et
2238 4745 2706 4819 reconciliare
2759 4767 2903 4818 11011
2959 4744 3495 4842 praetermittat.

1173 4860 1238 4934 E
1294 4860 1697 4936 Pontificali
1752 4864 2079 4940 Romano
2119 4888 2367 4940 omnes
2407 4867 2849 4941 ceremonias
2896 4867 3247 4959 absolvat,
3290 4866 3363 4939 in
3400 4866 3630 4940 Missa
3666 4890 3840 4963 pon-

965 4982 1212 5057 tificali
1264 4982 1832 5060 benedictionem
1887 4987 1958 5059 in
1996 4988 2140 5061 fine
2177 4988 2450 5062 Missae
2497 4988 2635 5082 det,
2684 5012 2824 5063 non
2861 4997 3028 5062 ante
3066 4989 3678 5085 eommunionem3
3716 4988 3840 5063 ad-

964 5105 1271 5180 ditiones
1322 5105 1394 5177 in
1453 5104 1714 5181 Officio
1770 5107 2013 5184 divino
2072 5110 2265 5184 vitet.

1171 5226 1468 5299 Missam
1525 5237 1878 5303 cantatam
1953 5230 2045 5303 ad
2100 5231 2348 5305 Altare
2406 5234 2635 5307 maius
2689 5256 3045 5329 nunquam
3122 5234 3258 5308 nisi
3340 5233 3844 5329 pontificaliter

965 5348 1332 5423 celebrare
1392 5346 1654 5437 debet:
1728 5350 2033 5449 ideoque
2109 5377 2265 5427 cum
2320 5356 2392 5428 in
2453 5356 2609 5429 vice
2664 5378 2796 5430 sua
2850 5356 3251 5430 canonicali
3306 5356 3395 5430 ad
3450 5380 3608 5432 eum
3670 5358 3844 5432 ordo
