4055 6364
2075 749 2640 827 -122—

904 961 1128 1036 larem
1184 960 1530 1035 duntaxat
1581 960 2060 1056 ampliandam
2115 968 2188 1035 et
2241 958 2748 1035 declarandam
2813 968 3281 1057 putaverunt:
3335 968 3414 1036 ut
3465 962 3818 1037 videlicet

904 1083 1013 1157 illi
1067 1079 1571 1157 tantummodo·
1633 1082 1918 1157 Domini
1990 1080 2452 1175 Confratres,
2525 1082 2649 1178 qui
2702 1105 2793 1156 ex
2845 1083 3010 1157 loco
3065 1084 3444 1181 capitulari
3499 1094 3572 1160 et
3625 1087 3810 1161 resi-

908 1204 1149 1281 dentia
1220 1205 1356 1281 sub
1425 1205 1755 1307 generali
1825 1203 2165 1300 Capitulo
2230 1204 2325 1278 ad
2379 1204 2622 1300 aliqua
2691 1205 3080 1279 remotiora
3150 1206 3316 1280 loca
3366 1208 3441 1280 in
3495 1209 3818 1303 negotiis

911 1327 1291 1403 Ecclesiae
1348 1336 1420 1401 et
1472 1325 1791 1424 Capituli
1866 1325 2320 1422 deputantur,
2392 1325 2689 1401 Maroae
2742 1326 2957 1403 huius
3011 1329 3430 1425 capitularis
3501 1328 3820 1405 debeant

908 1472 1119 1542 esse,
1177 1458 1485 1545 suntque
1552 1451 1835 1543 integre
1889 1458 1960 1521 et
2011 1448 2332 1522 totaliter
2383 1448 2777 1545 participes
2798 1505 2816 1539 ,
2890 1472 3190 1545 eamque
3256 1473 3396 1526 non
3451 1474 3666 1526 secus
3721 1476 3818 1525 ac

905 1580 1326 1667 praesentes
1364 1578 1435 1646 et
1471 1569 1830 1668 Capitulis
1864 1566 2382 1643 interessentes
2418 1570 2864 1667 percipiant3
2919 1571 3152 1667 quoad
3194 1572 3340 1645 alia
3376 1596 3551 1645 vero
3587 1597 3813 1647 mem-

906 1693 1041 1767 bra
1094 1700 1167 1766 et
1218 1694 1536 1790 reliquas
1591 1692 2262 1790 supererogatorias
2317 1691 2860 1766 distributiones
2912 1694 3299 1769 Decretum
3341 1704 3818 1769 memoratum

902 1815 977 1889 in
1033 1836 1167 1889 suo
1221 1817 1480 1890 robore
1536 1821 1609 1889 et
1662 1821 1909 1889 tenore
1965 1814 2536 1889 conservandum
2592 1822 3022 1910 putaverunt
3066 1823 3137 1889 et
3172 1826 3812 1893 conservaverunt.

2229 2125 2485 2226 CXL.

907 2334 1009 2416 De
1066 2336 1406 2435 tempore
1477 2331 1925 2434 inurediendi
1992 2332 2424 2537 Gagitplulpi.
2494 2333 2700 2473 Αὲιιιο
2767 2334 3035 2416 Domini
3095 2336 3310 2417 1582.
3377 2334 3504 2416 Die
3563 2337 3813 2419 Lunae

2268 2475 2311 2536 e
2365 2473 2615 2537 κιαι-ιι.

1113 2669 1229 2741 De
1300 2674 1621 2763 tempore
1690 2666 2146 2763 ingrediendi
2218 2666 2312 2740 ad
2380 2667 2621 2741 locum
2677 2666 3143 2763 capitularem
3216 2691 3350 2764 pro
3423 2667 3816 2743 ordinariis

910 2787 1269 2887 Capitulis
1324 2786 1802 2879 celebrandis,
1858 2789 1951 2864 iis
1988 2789 2412 2887 praesertim
2469 2787 2746 2881 diebus,
2807 2790 3067 2885 quibus
3119 2788 3396 2889 Missae
3451 2788 3811 2864 Anniver-

906 2912 1257 2986 sariorum
1314 2911 1825 3003 decantantur,
1902 2910 2066 2985 dum
2126 2920 2321 2985 esset
2371 2934 2502 3008 per
2553 2911 2962 3014 Dominum·
3008 2909 3554 2985 Procuratorem
3611 2915 3812 3009 capi·
3873 2932 3886 2941 ·

906 3034 1204 3107 tularem
1262 3034 1745 3130 propositum,
1814 3043 2048 3107 utrum
2104 3032 2445 3105 videlicet
2495 3032 2697 3105 finita
2751 3033 3067 3106 totaliter
3119 3032 3391 3125 Missa,
3468 3034 3588 3107 vel
3642 3042 3816 3131 post

907 3154 1379 3232 elevationem
1451 3164 1815 3253 peractam
1890 3154 2185 3230 Domini
2238 3154 2506 3228 intrare
2562 3154 2910 3249 debeant,
2986 3154 3154 3250 quia
3207 3153 3492 3250 quidem
3557 3156 3812 3230 incon-

906 3279 1205 3353 veniens
1250 3285 1323 3352 et
1356 3279 1863 3353 scandalosum
1901 3279 2186 3352 videtur
2230 3279 2600 3373 reliquam,
2659 3301 2960 3374 eamque
3017 3278 3474 3374 praeeipuam
3531 3275 3815 3352 Missae

906 3409 1179 3495 partem
1242 3402 1614 3496 negligere
1671 3408 1742 3473 et
1796 3401 2161 3496 omittere3
2233 3399 2643 3474 Reverendi
2715 3399 3010 3473 Domini
3067 3399 3494 3474 unanimiter
3555 3399 3808 3474 decre-

906 3530 1161 3597 verunt
1211 3523 1287 3597 in
1340 3524 1653 3598 futurum
1708 3545 1999 3619 semper
2053 3522 2616 3597 observandum:
2674 3530 2752 3596 ut
2805 3522 3088 3618 quoties
3144 3521 3401 3596 diebus
3457 3522 3809 3619 capitula-

904 3644 1107 3718 ribus
1162 3643 1545 3720 ordinariis
1617 3644 1891 3718 Missae
1965 3644 2463 3718 anniversales
2534 3643 3030 3743 decantantur,
3103 3641 3442 3738 nullaque
3494 3623 3810 3717 interve-

909 3775 1165 3842 nerunt
1217 3766 1309 3840 ad
1356 3765 1805 3840 tractandum
1860 3766 2156 3860 negotia
2209 3764 2456 3854 ardua,
2514 3764 2607 3838 ad
2654 3765 2888 3839 locum
2947 3765 3415 3860 capitularem
3470 3787 3610 3836 non
3665 3765 3816 3839 nisi

904 3888 1105 3964 finita
1176 3888 1446 3982 Missa,
1522 3888 1711 3983 quod
1770 3887 1833 3961 si
1886 3910 2063 3961 vero
2135 3910 2266 3983 per
2327 3888 2713 3960 Dominum
2791 3886 3336 3962 Procuratorem
3411 3895 3536 3960 aut
3585 3885 3806 3962 Vice-

907 4019 1438 4108 procuratorem
1494 4010 1751 4086 avisati
1805 4010 2071 4085 fuerint
2120 4010 2417 4084 Domini
2467 4009 2556 4084 de
2601 4009 2961 4104 aliquibus
3015 4009 3329 4103 negotiis
3385 4007 3808 4102 tractandis,

905 4139 1074 4230 post
1127 4133 1599 4208 elevationem
1657 4133 1919 4226 statim,
1977 4155 2120 4206 non
2168 4140 2547 4228 expectato
2599 4131 2743 4206 fine
2797 4130 3095 4224 Missae,
3150 4129 3554 4206 intrandum
3597 4154 3809 4227 esse;

908 4253 1235 4328 similiter
1289 4255 1499 4328 etiam
1553 4254 1718 4328 aliis
1774 4253 2032 4328 diebus
2103 4253 2622 4349 capitularibus
2677 4251 2978 4348 ‘quando
3031 4251 3306 4327 Missae
3361 4251 3806 4326 Anniversa-

906 4375 1170 4450 riorum
1226 4398 1366 4449 non
1418 4376 1909 4467 decantantur,
1967 4383 2136 4472 post
2189 4375 2661 4450 elevationem
2699 4377 2770 4450 in
2809 4375 3043 4449 Missa
3099 4383 3394 4467 matura,
3453 4399 3638 4470 qnae
3676 4373 3810 4448 Vi-

907 4497 1259 4592 cariorum
1315 4498 1594 4591 dicitur,
1666 4497 1963 4572 Domini
2014 4497 2215 4571 iuxta
2269 4497 2852 4573 consuetudinem
2923 4497 3214 4592 ingredi
3266 4506 3340 4571 et
3387 4497 3658 4570 intrare
3714 4497 3812 4570 ad

906 4619 1140 4693 locum
1195 4621 1661 4718 capitularem
1718 4619 2086 4694 debebunt
2136 4621 2272 4694 sub
2326 4621 2585 4716 poenis
2638 4619 2710 4692 in
2769 4617 3049 4695 Statuto
3105 4619 3514 4716 descriptis.
