4055 6364
1501 723 2024 804 ⁷,-.53..

309 944 459 1010 stra
514 935 880 1034 vilipensa
927 941 1004 1010 et
1033 941 1471 1032 contempta,
1527 959 1664 1010 nee
1719 959 2026 1033 unquam
2082 935 2429 1034 requisita
2480 943 2607 1010 aut
2642 937 2993 1031 consulta,
3052 937 3205 1012 offi-

309 1058 425 1132 cia
471 1067 550 1132 et
600 1059 1001 1132 ministeria
1073 1081 1208 1142 sua
1277 1057 1686 1152 negligere,
1759 1066 1832 1132 et
1901 1060 1994 1132 ab
2066 1059 2174 1133 eis
2226 1060 2471 1152 fugam
2544 1066 2617 1132 et
2686 1058 3209 1135 discessionem

307 1180 554 1254 faeere
609 1179 959 1268 videmus,
1017 1187 1435 1274 satagentes
1487 1180 1732 1276 itaque
1786 1179 2399 1273 consuetudinem,
2454 1179 2572 1254 vel
2625 1189 2703 1254 ut
2754 1182 2997 1254 verius
3052 1205 3206 1256 eor-

309 1301 690 1399 ruptelam,
747 1311 892 1376 tam
931 1302 1482 1396 ignominiosam
1537 1302 1976 1395 rescindere,
2035 1311 2107 1377 et
2140 1311 2283 1377 tam
2322 1311 2599 1399 turpem
2655 1303 3207 1395 observantiam,

309 1447 456 1498 non
509 1425 746 1499 solum
802 1425 892 1498 de
946 1423 1286 1499 Ecclesia
1339 1432 1588 1500 nostra
1641 1423 2154 1518 Cracoviensi,
2211 1424 2339 1500 sed
2394 1434 2468 1498 et
2521 1424 2611 1498 dc
2664 1431 2815 1498 tota
2866 1424 3211 1498 Dioccesi

309 1554 559 1620 nostra
613 1554 687 1620 et
740 1547 938 1620 illius
1001 1546 1361 1622 Ecclesiis
1431 1554 1576 1621 tam
1651 1546 2270 1622 Conventnalibus
2326 1556 2397 1622 et
2432 1546 2921 1641 Collegiatis,
2998 1571 3207 1642 quam

315 1667 874 1743 parochialibus
927 1669 1213 1766 penit-us
1270 1693 1624 1744 evacuare
1681 1677 1753 1744 et
1806 1670 2215 1766 eliminare3
2272 1669 2793 1744 communicato
2846 1691 3008 1744 eum
3062 1667 3207 1744 Ve—

309 1791 760 1866 nerabilibus
812 1791 1192 1865 Fratribus
1248 1793 1516 1866 nostris
1585 1791 1943 1868 Praelatis
1999 1801 2072 1868 et
2124 1790 2553 1884 Canonicis,
2628 1791 3009 1868 Ecclesiae
3063 1815 3208 1866 me-

311 1923 636 1987 moratae
691 1911 1224 2008 Cracovieusis,
1283 1915 1732 2011 caeterisque
1786 1913 1989 1990 Viris
2043 1916 2373 2012 peritiam
2428 1913 2635 1989 Juris
2698 1915 2941 1990 Divini
2976 1924 3048 1988 et
3080 1914 3209 1988 hu-

310 2036 508 2109 mani
559 2035 1018 2130 habentibus,
1093 2035 1402 2112 consilio
1457 2043 1532 2110 et
1581 2043 1860 2111 matura
1914 2037 2480 2131 deliberatione,
2555 2060 2686 2133 per
2738 2035 2898 2112 dies
2967 2036 3214 2133 plures

310 2157 719 2253 absumpta,
778 2156 870 2231 de
925 2157 1314 2233 eorundem
1369 2157 1704 2232 Fratrum
1765 2139 2169 2232 nostrornm
2223 2157 2717 2232 Praelatorum
2770 2168 2846 2232 et
2899 2157 3211 2233 Canoni-

310 2301 562 2352 cernm
617 2277 1208 2354 Oraeovisnsium
1261 2279 1570 2354 consilio
1609 2289 1682 2354 et
1717 2303 2099 2374 consensu,
2157 2288 2501 2378 perpetue
2556 2281 2896 2355 duraturo
2950 2281 3211 2371 edicto,

311 2397 732 2496 Statuimus,
789 2402 1241 2476 decernimus
1295 2411 1367 2475 et
1417 2401 1819 2489 firmamus,
1876 2408 1954 2476 ut
2008 2402 2147 2475 sub
2199 2409 2518 2500 tempore
2572 2403 2941 2496 generalis
2994 2405 3211 2476 inter-

313 2523 513 2615 dicti,
569 2525 642 2596 in
679 2525 916 2600 locum
953 2532 1078 2599 aut
1113 2523 1495 2598 Civitatem
1534 2523 1870 2618 aliquam,
1912 2523 2069 2597 sive
2106 2521 2788 2599 Archidiaeonatum
2828 2532 2951 2597 aut
2988 2525 3211 2598 Dioe-

313 2645 565 2740 cesim,
623 2653 748 2719 ant
798 2648 871 2721 in
926 2668 1281 2744 personas
1335 2645 1668 2742 publicas
1720 2645 1839 2718 vel
1895 2645 2216 2742 privatas
2271 2646 2427 2720 sive
2484 2646 2695 2719 etiam
2751 2647 3211 2720 communita·

313 2775 433 2841 tes
485 2777 557 2841 et
611 2767 870 2842 exinde
921 2769 1200 2843 ratione
1255 2789 1724 2863 personarum
1798 2766 2375 2861 interdictarum3
2448 2767 2521 2840 in
2575 2768 2810 2842 locum
2884 2768 3211 2861 traducti,

315 2912 412 2962 ex
466 2911 893 2986 quacunque
949 2889 1332 2967 occasione
1386 2897 1509 2966 aut
1563 2912 1822 2982 causa,
1880 2890 2141 2987 positi,
2197 2889 2327 2962 lati
2382 2888 2498 2962 vel
2552 2889 2870 2982 ferendi,
2926 2890 3216 2983 singula

315 3009 658 3105 Collegia
716 3018 789 3084 et
841 3009 1262 3086 Sacerdotis
1333 3009 1717 3084 Ecclesiae
1788 3022 2079 3085 nostrae
2150 3011 2700 3106 Oracoviensis,
2778 3021 2849 3086 et
2902 3013 3213 3086 omnium

313 3133 622 3211 aliarum
678 3133 1176 3209 Ecclesiarum
1233 3132 1842 3228 Collegiatarum,
1901 3131 2499 3208 Conventualium
2556 3143 2629 3208 et
2684 3133 3215 3209 Parochialium

315 3255 690 3347 videlicet,
747 3256 1068 3333 Praelati
1121 3266 1192 3331 et
1243 3254 1592 3329 Canonici
1649 3278 2035 3351 eorumque
2094 3254 2409 3345 Viearii,
2483 3257 2653 3329 item
2711 3279 2959 3330 omnes
3012 3256 3213 3331 Alta-

315 3379 563 3470 ristae,
617 3378 788 3452 item
826 3401 1075 3455 omnes
1112 3377 1588 3454 Mansionarii
1642 3385 1782 3451 tam
1822 3373 2133 3449 Sanctae
2187 3375 2589 3468 Trinitatis,
2646 3400 2857 3471 quam
2908 3375 3215 3455 Sanctae

319 3498 586 3576 Crucis
657 3498 1154 3597 Capellarum,
1227 3501 1300 3573 in
1373 3498 1636 3574 Castro
1707 3498 2216 3595 Craeoviensi;
2272 3500 2441 3573 item
2516 3523 2763 3573 omnes
2840 3500 3213 3593 Rectores,

313 3621 664 3715 Praelati,
721 3620 1091 3715 Canonici,
1147 3619 1427 3695 Viearii
1479 3630 1553 3695 et
1595 3618 1912 3695 Ministri
1968 3618 2559 3713 Collegiatarum,
2620 3622 3215 3699 Conventualium

313 3756 392 3818 et
425 3743 961 3819 Parochialium
1019 3744 1538 3834 Ecclesiarum‚
1598 3765 1847 3817 omnes
1884 3743 2106 3817 horas
2162 3744 2550 3819 canonicas
2605 3753 2745 3817 tam
2807 3752 3213 3838 nocturnas,

315 3890 534 3963 quam
592 3868 908 3962 diurnae,
963 3868 1134 3943 item
1191 3888 1440 3942 omnes
1495 3866 1788 3956 Missas,
1843 3866 2012 3939 item
2072 3889 2320 3940 omnes
2377 3865 2752 3961 Psalmos,
2829 3864 3217 3940 Orationes

315 4000 392 4069 et
437 3990 1000 4078 obsecrationes,
1057 3988 1374 4083 Vigilias
1429 4010 1914 4084 quascunque,
1971 3987 2063 4061 ad
2104 4010 2285 4082 quas
2320 4002 2393 4064 et
2429 4010 2615 4082 quos
2668 3987 2759 4061 de
2811 3988 2989 4080 iure,
3047 4011 3214 4061 eon-

319 4110 724 4206 suetudine,
781 4112 1204 4208 privilegio,
1273 4109 1690 4186 fundatione
1747 4116 1819 4181 et
1869 4110 2349 4207 promissione
2406 4110 2729 4206 quolibet
2776 4110 3214 4203 obligantur,

319 4255 502 4309 voce
557 4234 942 4326 submissa,
999 4232 1270 4305 clausis
1324 4232 1558 4305 ianuis
1611 4231 1882 4325 legant,
1939 4242 2295 4327 peragant
2348 4239 2419 4305 et
2472 4231 2860 4328 impleant,
2922 4230 3218 4329 perinde

319 4365 412 4431 et·
445 4378 590 4429 non
645 4355 858 4429 aliter
909 4379 996 4428 ac
1051 4355 1110 4428 si
1172 4354 1440 4429 nullum
1516 4354 1794 4448 vigeret
1863 4353 2359 4447 interdictum,
2436 4362 2507 4427 et
2562 4378 2652 4427 ne
2704 4354 3067 4449 aliquibus
3121 4352 3216 4426 si-

323 4479 858 4571 mulationibus,
912 4477 1326 4553 fictionibus
1363 4485 1434 4549 et
1472 4476 1812 4550 coloratis
1849 4476 2113 4567 causis,
2172 4477 2265 4549 ab
2304 4476 2762 4550 observantia
2817 4476 3251 4571 praesentis

322 4601 552 4675 nostri
607 4601 928 4695 Decreti,
985 4600 1399 4675 necessario
1439 4598 1706 4678 utiliter
1743 4608 1814 4673 et
1851 4598 2236 4673 salubriter
2292 4598 2749 4695 promulgati,
2802 4608 3105 4694 possunt
3140 4621 3219 4671 se

323 4747 678 4802 excusare
733 4731 806 4797 et
855 4724 966 4799 illi
1019 4722 1520 4819 quoquomodo
1583 4722 1927 4814 illudere,
2005 4720 2256 4793 eadem
2310 4720 2745 4793 authoritate
2818 4720 3217 4814 statuimus,

323 4833 758 4942 ut'tempore
793 4846 1156 4919 interdicti
1192 4846 1514 4935 durante,
1561 4844 1635 4919 in
1674 4845 2016 4917 maiorem
2072 4844 2440 4918 horrorem
2496 4828 2867 4917 facinoris*
2896 4843 3219 4949 admissi,

321 4970 659 5063 singulae
729 4967 1150 5061 Ecclesiae,
1224 4969 1295 5041 in
1365 4966 1627 5062 quibus
1697 4965 2151 5039 interdictum
2224 4964 2631 5040 huiusmodi
2706 4966 2873 5061 poni
2945 4965 3221 5039 servari

323 5094 745 5186 eontigerit,
801 5099 991 5169 stent
1042 5112 1173 5188 per
1227 5112 1476 5164 omnes
1548 5088 1705 5161 dies
1775 5086 2143 5161 Interdicti
2218 5095 2497 5162 seratae
2554 5096 2623 5161 et
2678 5088 2969 5163 clausae
2995 5144 3011 5175 ,
3088 5110 3221 5161 nec

319 5212 655 5306 habeant,
715 5214 856 5290 nisi
911 5236 1258 5313 excausa
1311 5211 1724 5287 rationabili
1781 5218 1852 5285 et
1890 5210 1981 5283 de
2019 5234 2378 5285 consensu
2446 5210 2737 5305 Nostro,
2796 5218 2918 5285 aut
2972 5210 3218 5285 Nostri

323 5335 875 5429 Vicesgerentis
927 5343 1050 5417 aut
1103 5335 1417 5417 Praelati
1489 5332 1895 5431 Superioris
1916 5390 1934 5427 ,
2009 5341 2133 5407 ant
2187 5333 2341 5409 eius
2396 5332 2941 5429 Vicesgerentis
3010 5339 3213 5427 patu-
