4055 6364
2081 770 2182 786 —
2291 725 2652 803 260-

908 946 1050 1014 tam
1104 936 1243 1013 hac
1294 936 1369 1010 in
1421 943 1627 1034 parte
1682 960 1812 1033 per
1862 935 2302 1011 Venerabile
2359 934 2770 1032 Capitulum
2843 933 3390 1013 Ordinationem
3444 934 3536 1009 ab
3575 934 3816 1009 omni-

907 1060 1047 1134 bus
1100 1058 1475 1133 observari
1544 1056 1987 1147 mandamus,
2045 1078 2134 1131 ac
2187 1080 2276 1131 ne
2330 1057 2424 1131 ad
2478 1056 2732 1131 Altare
2785 1054 2917 1131 SS.
2976 1055 3363 1150 Crucifixi,
3393 1150 3406 1163 ·
3437 1056 3624 1150 quod
3703 1061 3820 1126 est

910 1202 1043 1279 pro
1096 1178 1479 1254 Defunctis
1530 1177 2099 1274 privilegiatum,
2173 1186 2318 1252 tum
2373 1176 2469 1252 ad
2523 1175 2998 1277 Sepulchrum
3055 1174 3132 1253 S.
3189 1174 3558 1266 stanislai,
3613 1174 3820 1270 quis·

913 1301 1105 1398 piam
1158 1299 1756 1397 Presbyterorum
1812 1300 2026 1373 etiam
2082 1296 2372 1373 aliunde
2425 1299 2889 1392 venientium,
2945 1298 3105 1372 sine
3157 1298 3346 1373 scitu
3399 1303 3472 1371 et
3520 1295 3824 1370 licentia

912 1420 1479 1498 Vicecustodum
1532 1420 1902 1494 celebrare
1956 1426 2390 1516 praesumat,
2423 1421 2560 1494 sub
2595 1442 2832 1515 poena
2870 1416 3622 1494 excommunicationis
3669 1423 3822 1488 sta-

910 1542 1200 1617 tuimus.
1258 1538 1458 1615 Cleri
1513 1547 1747 1615 tamen
1805 1541 2121 1635 maioris,
2178 1539 2675 1635 Praelatorum
2702 1542 2776 1614 in
2815 1540 3188 1635 dignitate,
3243 1538 3477 1633 gradu
3529 1544 3650 1611 aut
3709 1535 3822 1609 of-

912 1662 1079 1736 ficio
1134 1660 1608 1753 existentium,
1665 1661 1981 1735 debitam
2034 1660 2404 1737 habebunt
2454 1662 2803 1736 rationem
2856 1659 3411 1736 Vicecustodes.

1118 1780 1380 1857 Olerus
1432 1780 1815 1855 Ecclesiae
1868 1782 2080 1856 istius
2133 1780 2226 1855 ad
2283 1790 2609 1878 cantum,
2683 1791 2827 1857 tam
2879 1784 2954 1855 in
3011 1780 3277 1874 Choro,
3336 1803 3549 1876 quam
3609 1785 3822 1853 extra

913 1899 1230 1978 Chorum
1283 1903 1356 1976 in
1412 1901 1739 1999 Capellis
1811 1903 2176 1997 obligatus
2246 1914 2610 1999 monetur,
2687 1914 3038 2000 quatenus
3111 1902 3414 1995 devote,
3487 1901 3678 1975 lente
3751 1906 3828 1970 et

913 2029 1203 2117 attente,
1280 2029 1568 2098 servato
1624 2021 1865 2097 debito
1918 2031 1992 2097 et
2045 2025 2476 2121 competenti
2543 2025 2833 2121 respirii
2900 2024 3286 2098 interstitio
3311 2079 3329 2116 ,
3402 2044 3544 2096 non
3615 2021 3823 2094 festi-

912 2152 1166 2219 nanter
1220 2152 1291 2219 et
1345 2143 1829 2240 perfunctorie
1887 2142 2153 2218 Officia
2205 2167 2338 2219 sua
2391 2146 2760 2237 decantet,
2833 2167 3018 2240 quae
3073 2144 3362 2240 quidem
3417 2144 3618 2217 iuxta
3667 2163 3822 2215 mo-

913 2288 1064 2339 rem
1120 2272 1195 2338 et
1250 2288 1450 2340 usum
1504 2263 1885 2339 Ecclesiae
1936 2264 2148 2339 istius
2204 2265 2458 2339 diebus
2511 2266 2886 2339 ferialibus
2931 2264 3114 2339 hora
3167 2271 3378 2339 sexta
3433 2261 3824 2355 Horologii

914 2385 1153 2480 medii,
1209 2386 1283 2459 in
1313 2386 1519 2461 festis
1576 2385 1755 2459 hora
1808 2386 2056 2481 quinta
2107 2387 2470 2480 inchoent,
2525 2387 2626 2461 ita
2677 2393 2756 2462 ut
2809 2386 2903 2460 ad
2952 2387 3190 2461 minus
3225 2385 3409 2461 hora
3443 2384 3823 2460 undecima

912 2506 1187 2599 finiant,
1246 2508 1382 2581 nisi
1437 2531 1568 2604 pro
1620 2508 2144 2581 interveniente
2220 2509 2652 2583 necessitate
2726 2509 2938 2583 aliter
3001 2508 3324 2581 ordinari
3395 2504 3817 2603 expedierit.

1122 2626 1581 2725 Praescripto
1652 2628 2128 2703 Rubricatum
2203 2628 2283 2700 M
2285 2630 2710 2725 artyrologii
2781 2629 3090 2702 Romani
3162 2628 3662 2718 inhaerentes,
3730 2648 3820 2699 ac

914 2747 1511 2823 inadvertentiam
1565 2747 1789 2822 Chori
1838 2748 2189 2824 hactenus
2243 2748 2612 2825 durantem
2660 2750 3131 2843 corrigentes,
3191 2748 3686 2823 decernimus:
3740 2751 3820 2819 ut

915 2868 1175 2943 amodo
1251 2867 1451 2942 iuxta
1507 2882 1776 2944 'novam
1850 2871 1945 2944 ab
2017 2868 2426 2944 Admodum
2499 2870 2932 2945 Reverendo
3003 2870 3170 2943 olim
3229 2866 3529 2943 Andrea
3579 2866 3816 2941 Hasz-

902 2989 1195 3065 ·kowski
1264 2988 1322 3062 Ι.
1395 2989 1495 3064 U.
1554 2992 1651 3064 D.
1716 2991 1808 3063 ad
1863 3012 2070 3065 usum
2124 2990 2511 3065 Dioecesis
2565 2998 2851 3066 nostrae
2925 2990 3447 3065 correctionem
3503 2998 3576 3063 et
3627 2987 3815 3063 ordi-

914 3111 1273 3185 nationem
1359 3112 1839 3210 conscriptam
1911 3119 1981 3186 et
2053 3111 2250 3209 typis
2301 3111 2734 3207 mandatam,
2808 3110 3418 3211 Martyrologium
3473 3107 3821 3184 eiusmodi

920 3231 996 3304 in
1052 3230 1296 3306 Choro
1350 3232 1787 3308 decantetur.

1124 3353 1240 3427 Ne
1322 3361 1709 3429 consuetae
1782 3354 2060 3428 Missae
2147 3355 2461 3428 maiores
2549 3355 3066 3430 conventuales
3161 3353 3425 3427 diebus
3508 3351 3814 3444 festivis,

918 3471 1462 3568 Processiones,
1520 3473 1929 3551 Conciones
1983 3499 2072 3548 ac
2126 3474 2650 3551 Anniversaria
2703 3475 3078 3573 personali
3131 3475 3550 3573 praesentia
3605 3473 3824 3547 Prae-

917 3593 1225 3668 latorum
1280 3603 1353 3668 et
1405 3594 1931 3671 Canonicorum
1988 3594 2486 3691 destituantur,
2543 3596 2636 3670 ad
2692 3620 2903 3692 quam
2959 3605 3199 3670 tamen
3240 3617 3496 3669 omnes
3552 3604 3625 3668 et
3679 3595 3822 3669 sin-

918 3715 1074 3808 guli
1128 3717 1417 3790 vinculo
1473 3713 1603 3790 SS.
1662 3715 2034 3790 Canonum
2090 3723 2162 3790 et
2222 3716 2434 3792 huius
2485 3716 2867 3792 Ecclesiae
2905 3713 3344 3792 Statutorum
3384 3717 3819 3810 obligantur,

922 3836 1375 3912 ordinamus:
1433 3845 1784 3933 quatenus
1839 3837 2103 3910 nemini
2157 3838 2671 3934 suprascriptis
2743 3839 3166 3913 durantibus
3214 3836 3528 3927 Officiis,
3603 3838 3825 3912 liceat

919 3956 1223 4032 Missam
1282 3965 1485 4032 extra
1533 3958 1770 4034 locum
1811 3967 1881 4031 et
1917 3958 2227 4032 officium
2283 3957 2558 4052 audire,
2617 3983 2750 4033 nec
2807 3961 3201 4054 celebrare,
3243 3960 3381 4033 sub
3418 3982 3658 4056 poena
3708 3983 3824 4032 ca-

922 4078 1197 4153 rentiae
1266 4078 1617 4154 fructibus
1687 4087 1759 4152 et
1826 4101 2015 4176 pane
2088 4102 2219 4176 pro
2291 4087 2449 4152 rata
2519 4082 2894 4176 temporis,
2969 4081 3124 4154 acsi
3193 4082 3465 4155 absens
3541 4079 3820 4156 fuisset.

926 4197 1139 4288 Quod
1204 4199 1417 4273 etiam
1472 4198 1565 4272 ad
1619 4200 1963 4274 minorem
2019 4198 2308 4274 Clerum
2383 4202 2853 4295 extendimus,
2928 4210 3000 4275 et
3069 4226 3160 4276 ne
3233 4209 3562 4300 tempore
3633 4200 3824 4277 Gon-

926 4319 1156 4393 cionis
1226 4327 1347 4394 aut
1414 4319 1918 4396 Processionis
1997 4320 2392 4414 celebrent,
2469 4322 2605 4396 sub
2660 4323 2914 4419 poenis
2968 4331 3216 4397 nostro
3288 4323 3591 4399 arbitrio
3661 4346 3827 4420 pro-

926 4439 1339 4534 mulgandis
1392 4441 1897 4538 praecipimus.

1135 4559 1397 4636 Olerus
1470 4563 1781 4637 omnium
1854 4559 2494 4657 Communitatum,
2568 4587 2704 4638 nec
2774 4586 2918 4637 non
2971 4565 3386 4640 beneficiati
3437 4563 3828 4640 Ecclesiae

926 4682 1139 4758 huius
1194 4684 1780 4781 superpelliceati
1833 4692 2208 4760 teneantur
2258 4685 2614 4760 interesse
2677 4683 3169 4761 Concionibus
3223 4686 3486 4761 diebus
3539 4687 3830 4762 festivis

898 4805 1002 4878 -in
1038 4804 1292 4880 eadem
1344 4805 1683 4880 Ecclesia
1735 4805 1895 4880 fieri
1939 4806 2197 4881 solitis.
2257 4805 2576 4894 Quorum
2615 4807 3153 4902 negligentiam,
3195 4816 3268 4881 et
3303 4807 3460 4881 siue
3502 4809 3832 4902 legitima

928 4949 1150 5002 causa
1202 4927 1623 5021 absentiam,
1680 4927 1937 5024 poenis
1992 4928 2116 5001 ubi
2169 4935 2335 5002 sunt
2385 4927 2775 5021 institutae,
2831 4929 2905 5001 in
2946 4928 3240 5025 duplum
3287 4929 3548 5022 auctis,
3606 4930 3834 5027 plecti

922 5049 1302 5124 iubemus:
1372 5049 1495 5123 ubi
1546 5071 1722 5123 vero
1776 5070 1920 5123 non
1977 5055 2144 5123 sunt
2195 5048 2584 5142 institutae,
2669 5056 2747 5123 ut
2807 5048 3130 5124 adinstar
3181 5050 3490 5124 aliorum
3543 5051 3830 5126 institu-

922 5177 1153 5263 antur,
1210 5169 1683 5244 decernimus.
