4055 6364
2154 751 2661 827 *38—

968 983 1278 1055 movcre,
1335 961 1502 1036 talis
1557 983 1643 1036 eo
1695 960 1859 1058 ipso
1910 961 1988 1034 in
2043 984 2349 1059 poenam
2404 962 2828 1038 temeritatis
2882 985 3057 1036 suae
3112 965 3207 1038 sit
3254 972 3598 1062 perpetuo
3654 963 3857 1040 inha-

967 1083 1136 1158 bilis
1191 1082 1283 1157 ad
1338 1082 1649 1179 aliquam
1703 1083 2190 1181 provisionem
2248 1084 2403 1158 sive
2455 1084 2529 1157 in
2586 1082 2917 1159 domibus
2972 1084 3127 1160 sivc
3179 1084 3253 1158 in
3302 1085 3499 1159 villis
3561 1087 3858 1183 praesti-

964 1206 1400 1280 monialibus
1452 1227 1497 1278 a
1549 1203 1886 1302 Capitulo
1939 1205 2423 1281 obtinendam.

2252 1534 2575 1635 XLIX.

1082 1836 1088 1840 ,
1152 1742 1434 1826 contra
1485 1762 1624 1825 non
1680 1743 2074 1826 solventes
2129 1759 2415 1827 census
2450 1721 2547 1827 S.
2604 1744 2896 1826 Martini
2952 1765 3047 1827 ex
3096 1745 3680 1846 praestimoniis.

1168 1951 1248 2028 Si
1321 1955 1481 2050 quis
1553 1953 2023 2030 Dominorum
2096 1943 2582 2052 provisionem
2648 1980 2694 2028 a
2748 1954 3086 2052 Capitulo
3158 1957 3493 2032 obtinens
3567 1979 3853 2032 censum

960 2099 1268 2151 annuum
1321 2099 1412 2150 ex
1464 2074 1872 2150 huiusmodi
1923 2075 2338 2172 provisione
2394 2072 2733 2172 debitum,
2791 2085 2958 2175 post
3008 2078 3269 2153 festum
3342 2075 3593 2152 Sancti
3656 2077 3847 2152 Mar-

959 2197 1091 2271 tini
1160 2196 1349 2270 infra
1421 2197 1600 2270 duas
1674 2197 2117 2296 septimanas
2186 2221 2328 2274 non
2404 2199 2704 2274 solverit
2777 2223 2869 2274 ex
2937 2201 3222 2295 integro
3244 2257 3262 2294 ,
3337 2200 3507 2274 talis
3559 2201 3854 2274 incurrit

961 2312 1233 2417 poenas
1305 2327 1554 2394 contra
1624 2344 1764 2394 non
1839 2321 2207 2395 solventes
2261 2322 2333 2395 in
2390 2318 2692 2396 Statutis
2764 2327 3181 2414 contentas,
3254 2328 3327 2396 et
3396 2321 3853 2396 nihilominus

955 2440 1144 2515 idem
1199 2465 1342 2515 non
1399 2442 1692 2516 solvens
1747 2439 1958 2515 cadat
2011 2465 2057 2514 a
2111 2443 2560 2538 portionibus
2633 2468 2764 2519 seu
2831 2445 3348 2519 refectionibus
3418 2443 3853 2540 quotidianis

956 2564 1117 2660 ipso
1173 2564 1365 2638 facto
1420 2572 1564 2638 tam
1623 2563 1744 2637 diu
1800 2563 2031 2638 donec
2086 2564 2177 2637 ad
2234 2566 2519 2662 plenum
2576 2565 2985 2642 huiusmodi
3050 2566 3483 2663 persolverit
3538 2589 3849 2654 censum,

955 2686 1438 2783 quodquidem
1496 2683 1849 2762 Statutum
1902 2687 1976 2758 in
2033 2686 2230 2759 n‘ullo
2287 2665 2571 2784 penitus
2626 2687 3007 2763 relaxetur.

2345 3017 2439 3116 L.

955 3224 1058 3305 ne
1116 3190 1522 3305 traditione
1575 3221 1802 3305 Villae
1871 3224 2449 3306 procuratorum
2509 3222 2819 3325 capituli
2890 3226 3071 3324 post
3136 3226 3450 3307 mortem
3521 3222 3846 3311 praenati

1598 3346 1713 3428 vei
1774 3345 2117 3428 canonici
2174 3348 2354 3427 ante
2411 3347 2797 3428 terminum
2857 3347 3198 3446 optionis.

1153 3556 1609 3631 Indemnitati
1661 3556 2014 3631 Villarum
2075 3554 2477 3631 vacantium
2554 3558 2923 3631 accursuri
2980 3559 3377 3647 statuimuS,
3435 3566 3514 3630 ut
3568 3557 3845 3652 quoties

948 3680 1259 3776 aliquam
1315 3679 1584 3753 Villam
1640 3678 2297 3776 praestimonialem
2352 3680 2585 3775 ipsius
2641 3664 2934 3753 mensae
2990 3676 3307 3776 Capituli
3362 3702 3629 3753 vacare
3676 3703 3841 3753 con-

943 3802 1204 3896 tigerit,
1263 3810 1522 3876 extunc
1576 3800 2096 3875 Procuratores
2154 3800 2492 3899 Capituli,
2558 3812 2863 3905 protunc
2920 3801 3339 3893 existentes,
3400 3800 3491 3873 de
3546 3824 3840 3898 posses-

946 3924 1147 3998 sione
1221 3924 1537 3998 eiusdem
1593 3947 1675 3997 se
1726 3924 2218 4017 intromittant,
2294 3924 2671 4017 omniaque
2742 3924 2844 3997 ibi
2918 3922 3263 3996 derelicta
3337 3932 3409 3995 et
3460 3921 3846 4017 pensalitia

849 4136 854 4141 q
946 4046 1224 4142 praedii
1277 4046 1774 4139 conscribant,
1849 4055 1927 4119 ut
1981 4047 2048 4119 si
2102 4044 2335 4119 dictae
2391 4045 2609 4117 villae
2666 4044 3099 4117 Tenutarius
3167 4043 3546 4117 defunctus
3601 4043 3843 4139 aliqua

947 4166 1188 4241 debita
1241 4169 1756 4259 contraxisset,
1815 4168 2081 4251 talibus
2138 4168 2468 4240 omnibus
2540 4168 2863 4263 pensatis
2928 4174 2999 4239 et
3052 4166 3363 4239 venditis
3433 4166 3561 4238 fiat
3633 4166 3843 4239 satis·

942 4289 1162 4362 factio
1233 4288 1710 4363 creditoribus
1787 4297 1856 4362 et
1927 4289 2404 4363 servitoribus
2476 4286 2836 4381 defuncti,
2912 4288 2975 4361 si
3028 4288 3321 4362 aliunde
3396 4287 3649 4361 haberi
3701 4310 3843 4359 non

942 4419 1200 4507 potest,
1259 4411 1323 4517 si
1372 4410 1540 4506 quid
1579 4434 1752 4484 vero
1808 4412 2125 4485 servitiis
2178 4435 2267 4485 ac
2321 4409 2583 4484 debitis
2638 4410 2967 4483 deductis
3022 4411 3505 4501 resultaverit,
3560 4410 3635 4481 in
3692 4408 3840 4481 An—

941 4534 1440 4607 nivcrsiarium
1506 4532 1826 4607 eiusdem
1902 4532 2221 4607 defuncti
2276 4541 2757 4625 convertatur,
2832 4531 3034 4605 Villa
3088 4556 3261 4606 vero
3314 4554 3588 4605 vacans
3642 4542 3841 4605 antc—

938 4678 1150 4752 quam
1207 4657 1424 4729 alicui
1479 4658 1945 4731 Domitiorum
2005 4658 2438 4747 conferatur,
2506 4656 2708 4751 prius
2764 4654 2857 4727 ad
2913 4664 3179 4727 certam
3238 4664 3475 4727 taxam
3530 4662 3839 4745 taxetur,

907 4802 1149 4880 ‘quam
1223 4787 1460 4852 taxam
1517 4780 1672 4853 sive
1727 4804 2061 4876 pensam,
2140 4772 2459 4873 singulis
2522 4776 2734 4851 annis
2788 4776 3107 4851 eiusdem
3188 4776 3407 4849 villae
3479 4776 3841 4866 tenutarii,

937 4900 1392 5017 procuratori
1459 4898 1777 4997 Capituli
1847 4902 2063 4999 plene
2117 4902 2403 4975 tradant
2456 4909 2527 4974 et
2582 4900 2887 4974 solvant.
2982 4900 3251 4972 Datum
3309 4896 3711 4971 Cracoviae
3768 4898 3839 4970 in

803 5103 814 5113 ‚
935 5020 1274 5118 Capitulo
1329 5030 1576 5096 nostro
1629 5024 1956 5117 generali
2012 5046 2144 5118 pro
2198 5024 2386 5096 festo
2443 5021 2689 5096 Sancti
2744 5021 3129 5095 Michaelis
3181 5019 3543 5094 celebrari
3594 5020 3839 5113 solito,

939 5144 1149 5219 Anno
1205 5143 1474 5219 domini
1527 5144 1917 5220 Millesimo
1974 5145 2685 5241 quadringentesimo
2740 5144 3092 5217 vicesimo
3148 5148 3375 5216 sexto.
