4055 6364
2095 722 2658 801 —256—

1150 931 1218 1009 1.
1272 930 1360 1007 In
1397 932 1649 1030 primis
1686 940 1922 1007 autem
1959 955 2148 1029 quac
2185 931 2666 1007 laudatissimi
2702 929 3228 1007 Antecessores
3265 932 3496 1006 nostri
3533 932 3612 1006 iu
3639 930 3840 1007 Visi-

932 1054 1204 1130 tatione
1258 1052 1571 1148 Collegii
1625 1054 1850 1129 vestri
1918 1064 2342 1147 sanxerunt,
2401 1052 2813 1128 ordinamus
2864 1058 2943 1127 ut
2995 1074 3082 1126 ea
3137 1054 3372 1127 omnia
3423 1061 3494 1127 et
3547 1052 3846 1147 sing-ula

934 1174 1449 1251 inviolabiliter
1502 1174 1997 1264 observentur,
2075 1174 2488 1249 nominatim
2563 1197 2738 1249 vero
2813 1171 3179 1247 Censores
3250 1172 3577 1249 officium
3633 1194 3846 1247 suum

934 1296 1291 1394 expleant,
1347 1318 1532 1393 quae
1570 1295 2001 1390 corrigenda
2047 1302 2170 1370 aut
2203 1295 2566 1393 punienda
2601 1292 2934 1387 viderint,
2995 1292 3336 1391 Capitnlo
3375 1295 3842 1389 patefaciant,

934 1416 1343 1516 Capitulum
1396 1440 1571 1491 vero
1625 1440 1757 1513 pro
1812 1406 2026 1493 modo
2081 1416 2338 1515 culpae
2392 1417 2782 1514 quemlibet
2834 1416 3108 1513 puniat.

1148 1538 1217 1613 2.
1274 1537 1361 1612 In
1399 1538 2003 1614 Processionibus
2039 1538 2270 1613 sacris
2309 1538 2477 1635 qnia
2513 1539 2864 1613 adventus
2917 1536 3214 1611 Domini
3266 1536 3341 1609 in
3377 1535 3716 1611 mundum
3774 1542 3848 1609 et

936 1662 1092 1737 eius
1144 1661 1339 1735 vitae
1360 1716 1378 1753 ,
1456 1666 1527 1735 et
1578 1661 1653 1734 in
1707 1661 1955 1735 coelos
2007 1660 2464 1735 ascensionis
2517 1658 2863 1735 memoria
2915 1658 3174 1754 agitur,
3251 1656 3576 1733 districtc
3630 1680 3842 1755 prae-

935 1782 1262 1880 cipimus,
1320 1770 1405 1855 ut'
1446 1782 1519 1855 in
1576 1782 1685 1856 eis
1738 1790 1810 1856 et
1862 1781 2030 1855 aliis
2085 1779 2374 1856 Officiis
2429 1780 2694 1877 divinis
2749 1780 2948 1854 nulla
3003 1779 3368 1877 colloquia
3417 1780 3617 1872 fiant,
3675 1775 3841 1852 Sta·

936 1910 1303 2000 tutumque
1358 1926 1447 1977 ea
1498 1902 1591 1977 de
1644 1926 1723 1977 re
1778 1902 2130 1979 sancitum
2187 1904 2608 1977 observetur
2667 1901 2883 1975 serio.

1144 2022 1214 2099 3.
1272 2023 1810 2121 Presbyterium
1877 2030 1950 2097 ut
2013 2022 2301 2121 profani
2361 2022 2692 2097 homines
2757 2024 2892 2097 sub
2956 2029 3241 2117 tempus
3303 2019 3436 2095 SS.
3485 2018 3841 2096 Sacrificii

934 2145 1209 2221 Missae
1264 2167 1406 2220 non
1458 2145 1991 2241 ingrediantur:
2069 2144 2405 2219 Edictum
2459 2141 2601 2217 hoc
2643 2144 2944 2217 nomine
2998 2142 3073 2216 in
3127 2143 3374 2217 tabula
3428 2167 3588 2218 cum
3642 2166 3835 2216 com-

933 2266 1321 2341 minatione
1358 2265 2144 2342 Excommunicationis
2198 2262 2799 2362 promulgandum
2856 2264 3034 2337 etin
3073 2262 3462 2339 Vestibulo
3517 2262 3836 2361 Presby-

936 2388 1099 2463 terii
1150 2386 1724 2485 appendendum.
2956 2369 3014 2407 ‘⁷'

1145 2506 1217 2583 4.
1270 2507 1859 2602 Hebdomadarii,
1898 2507 2217 2585 Praelati
2253 2514 2325 2581 et
2361 2505 2711 2580 Canonici
2750 2508 3212 2604 prospiciant,
3269 2516 3346 2583 ut
3379 2508 3515 2582 rite
3565 2508 3836 2583 Missas

935 2628 1339 2724 decantent,
1398 2652 1673 2726 poenas
1723 2630 1798 2705 in
1836 2629 2176 2728 Capitulo
2219 2650 2560 2719 errorum,
2617 2628 2683 2702 si
2718 2652 2902 2724 quos
2938 2630 3449 2721 commiserint,
3507 2630 3829 2704 subituri.

1144 2746 1216 2824 5.
1273 2750 1706 2827 Procurator
1760 2751 2079 2850 Capituli
2134 2751 2518 2847 diligenter
2573 2748 2980 2845 provideat,
3040 2759 3116 2825 ut
3167 2774 3310 2826 non
3363 2750 3506 2825 nisi
3573 2752 3830 2826 bonum

936 2872 1177 2947 vinum
1234 2894 1369 2970 pro
1422 2896 1559 2949 usu
1612 2870 1969 2948 Sacrificii
2024 2874 2503 2970 dispensetur.

1002 3056 1005 3061 .
1146 2992 1214 3067 6.
1273 2994 1388 3067 Ex
1440 2994 1610 3069 alba
1664 3006 1833 3070 cera
1885 2994 2231 3070 candelae
2287 2992 2378 3068 ad
2415 2991 2669 3067 Altare
2723 2994 2954 3067 maius
3010 2995 3146 3069 sub
3181 3003 3468 3092 tempus
3523 2993 3653 3070 SS.
3695 2992 3826 3067 Sa-

935 3114 1189 3190 crificii
1258 3115 1535 3192 Missae
1607 3117 1861 3193 saltem
1935 3118 2191 3193 diebus
2264 3114 2670 3191 Dominicis
2743 3122 2814 3190 et
2883 3116 3092 3190 festis
3167 3117 3576 3193 celebribus
3629 3117 3828 3192 adhi-

935 3238 1259 3313 beantur.

1145 3358 1215 3434 7.
1273 3358 1578 3457 Capella
1615 3361 1990 3453 Rosarum,
2031 3363 2102 3436 in
2143 3387 2285 3462 qua
2321 3364 3000 3439 Reverendissimus
3037 3362 3205 3437 olim
3257 3363 3634 3460 Philippus
3691 3363 3827 3436 Pa-

936 3479 1295 3555 dniewski
1348 3482 1674 3578 sepultus
1730 3491 1858 3572 est,
1918 3507 2046 3580 per
2101 3484 2540 3559 Venerabile
2597 3485 3007 3582 Capitulum
3067 3492 3254 3558 tecto
3308 3484 3550 3579 aliquo
3585 3505 3826 3578 quam-

937 3601 1237 3697 primum
1294 3603 1679 3700 operiatur.
1782 3604 2050 3678 Vestes
2104 3628 2388 3701 quoque
2460 3629 2713 3680 sacrae
2770 3605 3254 3699 emendentur,
3332 3628 3514 3700 quae
3583 3613 3820 3679 autem

940 3724 1105 3812 usui
1159 3747 1323 3798 esse
1376 3747 1517 3798 non
1574 3735 1898 3822 possunt,
1955 3734 2034 3800 ut
2089 3728 2530 3802 tenuioribus
2583 3727 2945 3802 Ecclesiis
2999 3726 3276 3816 dentur,
3335 3726 3824 3822 permittimus.

936 3842 1056 3917 Ad
1110 3844 1465 3930 delectum
1520 3869 1786 3938 earum,
1846 3869 2031 3943 quac
2087 3848 2248 3922 usui
2298 3871 2439 3922 non
2478 3858 2663 3938 sunt,
2702 3848 3130 3941 faciendum,
3191 3847 3332 3922 duo
3371 3870 3461 3920 ex
3497 3845 3830 3942 Capitulo

938 3963 1389 4061 deputentur.
3695 4031 3704 4038 -

1146 4082 1216 4159 8.
1274 4086 1751 4164 Vacatiouum
1805 4090 1899 4164 ab
1954 4089 2293 4164 Ecclesia
2345 4098 2627 4188 tempus
2683 4098 3143 4187 prorogatum
3199 4090 3594 4180 abolemus,
3629 4112 3716 4162 ac
3749 4097 3831 4162 ut

938 4228 1027 4280 ea
1078 4207 1267 4280 ultra
1322 4216 1530 4284 vetus
1585 4207 1903 4307 Capituli
1956 4207 2310 4285 Statutum
2349 4234 2488 4285 non
2529 4212 3004 4309 proferantur,
3063 4210 3499 4304 ordinamus,
3555 4210 3830 4286 seilicet

938 4336 1015 4402 ut
1064 4327 1412 4425 incipiant
1464 4329 1818 4422 vigesima
1868 4330 2039 4404 Iulii
2092 4340 2163 4404 et
2217 4331 2474 4406 durent
2527 4332 2620 4406 ad
2674 4333 3099 4427 vigesimam
3155 4330 3621 4428 Septembris.

1148 4447 1216 4523 9.
1274 4451 1756 4524 Discedentes
1804 4451 1895 4525 ad
1938 4454 2448 4549 praestimonia
2484 4462 2562 4528 ιιι
2597 4453 3138 4529 distributiones
3183 4453 3636 4549 quotidianas
3685 4477 3828 4528 non

940 4569 1359 4667 percipiant,
1402 4571 1841 4647 inhaerendo
1880 4574 2197 4649 Decreto
2235 4572 2307 4648 S.
2350 4573 2822 4649 Tridentinae
2877 4573 3152 4673 Synodi
3208 4576 3610 4650 statuimus.
3667 4574 3828 4664 Qua

937 4691 1011 4763 in
1067 4715 1144 4765 re
1200 4700 1523 4766 servetur
1578 4693 1958 4769 Ordinatio
2012 4695 2492 4770 Illustrissimi
2549 4695 2960 4770 Cardiualis
3013 4694 3396 4769 Radziwil.

1074 4809 1223 4888 10.
1282 4805 1935 4891 Animadvertimus
1991 4813 2511 4891 Anniversaria
2566 4815 3048 4891 diversimode
3103 4817 3408 4891 absolvi:
3465 4817 3716 4912 quain
3750 4837 3828 4888 re

941 4957 1031 5007 nc
1084 4941 1207 5010 aut
1260 4933 1749 5010 Fundatornm
1806 4936 2098 5011 ultimae
2162 4938 2510 5014 voluntati
2563 4937 3112 5035 praeiudicetur,
3186 4945 3310 5011 aut
3363 4961 3450 5010 ea
3503 4961 3648 5011 non
3701 4958 3829 5012 suo

940 5063 1261 5153 tempore
1318 5063 1777 5152 peragantur,
1850 5056 2288 5151 ordinamus,
2364 5067 2443 5133 ut
2494 5059 2692 5133 nulla
2747 5059 3437 5134 circumstantiarum
3491 5059 3830 5156 temporis

939 5176 1215 5268 ratione
1250 5175 1517 5269 habita,
1534 5175 2057 5255 Anniversaria
2099 5180 2508 5274 etVigiliae
2543 5189 2865 5277 tempore
2901 5203 3034 5256 suo
3071 5181 3564 5276 absolvantur,
3604 5203 3832 5280 neque

942 5299 1398 5374 vocationum
1453 5323 1673 5376 causa
1728 5299 1969 5398 aliqua
2020 5303 2098 5378 in
2153 5303 2260 5377 eis
2315 5303 2691 5378 translatio
2745 5303 2892 5380 fiat.
