4055 6364
2075 750 2645 827 -324—

3681 958 3762 1012 Pa

917 1022 1346 1091 CCXXXIV.
1388 1025 1481 1091 De
1546 1024 1878 1107 Deputatis
1934 1025 2296 1094 Tribunalis
2361 1026 2563 1113 Regni
2633 1029 2954 1112 (statutum
3017 1030 3353 1109 capitulare
3421 1034 3619 1105 1698,
3692 976 3812 1180 1931

1622 1116 1767 1177 Cod.
1813 1116 1937 1193 IX)
2047 1160 3628 1183 .............

974 1196 1363 1267 CCXXXV.
1408 1197 1856 1283 Interpretatio
1897 1199 2288 1267 Statutorum
2321 1202 2422 1268 vel
2461 1202 2890 1281 Decretorum,
2942 1204 3052 1269 aut
3094 1203 3408 1270 dubitatio
3445 1206 3606 1284 (Sta-

1622 1292 1811 1350 tutum
1861 1290 2198 1366 Capitulnre
2248 1294 2435 1371 1632,
2488 1293 2634 1355 Cod.
2683 1290 2800 1370 IX)
2827 1338 3625 1356 .......
3687 1290 3816 1355 192

968 1371 1361 1440 CCXXXVI.
1415 1375 1506 1439 De
1552 1374 1944 1440 liberationis
1994 1378 2240 1457 tempus
2299 1376 2362 1441 in
2424 1376 2636 1443 arduis
2683 1378 2954 1461 negotiis
3001 1378 3321 1463 (statutum
3369 1379 3607 1459 Capitu-

1620 1463 1738 1524 lare
1789 1468 1973 1535 1632,
2069 1465 2210 1527 Ood.
2255 1466 2372 1543 IX)
2443 1510 3627 1531 ..........
3691 1465 3818 1530 192

958 1544 1379 1613 CCXXXVII.
1428 1548 1520 1613 De
1568 1547 1883 1630 duplicata
1948 1549 2248 1632 pensione
2292 1548 2757 1635 Deputatorum
2803 1550 3162 1617 Tribuualis
3207 1552 3410 1637 Regni
3455 1553 3614 1636 (Sta-

1620 1640 1807 1699 tutum
1856 1638 2072 1715 Synodi
2117 1640 2372 1715 provinc.
2420 1644 2605 1715 1643,
2653 1639 2798 1701 Cod.
2845 1640 2963 1723 IX)
3041 1684 3618 1709 ......
3681 1638 3810 1705 193

916 1720 1372 1789 CCXXXVHI.
1416 1722 1511 1788 De
1556 1740 1759 1805 poena
1824 1722 2178 1789 absentium
2240 1742 2277 1788 a
2339 1725 2616 1807 generali
2665 1722 2954 1806 Capitulo
3001 1728 3262 1807 (Andrea
3307 1727 3610 1793 Trzebicki

1619 1812 1783 1887 Epis.
1832 1812 1994 1874 Orac.
2050 1814 2237 1887 1659,
2288 1814 2432 1876 Ood.
2482 1814 2588 1893 IX)
2701 1860 3624 1879 ........
3693 1812 3820 1877 193

977 1895 1369 1962 CCXXXIX.
1416 1894 1512 1963 Ne
1560 1897 1899 1979 quidquam
1946 1857 2471 1963 Reveren'dissimi
2518 1898 2770 1965 Domini
2829 1918 2894 1963 a
2910 1898 3269 1966 Venerabili
3315 1898 3610 1984 capitulo

1620 1982 1903 2065 deputati
1949 1984 2278 2049 Revisores
2324 1986 2567 2051 ratione
2629 2004 2846 2052 curras
2912 1988 2980 2051 et
3036 1985 3268 2052 laboris
3315 1986 3616 2072 suscepti,

1618 2071 1921 2154 recipiant
1968 2070 2290 2155 (Statutum
2338 2073 2676 2151 capitulare
2725 2078 2915 2155 1689,
2960 2074 3106 2142 ch.
3152 2074 3363 2155 IX).
3475 2121 3494 2139 .
3607 2120 3624 2139 .
3689 2072 3818 2139 195

1140 2156 1373 2223 CCXL.
1421 2157 1515 2224 De
1554 2157 1773 2223 Mense
1810 2158 2172 2225 Amicorum
2220 2158 2548 2240 abolitum,
2599 2159 2662 2225 et
2708 2178 2934 2225 novum
2983 2178 3170 2244 super
3215 2124 3458 2228 duabus
3505 2178 3600 2227 se·

1619 2244 1915 2327 ptimanis
1963 2245 2278 2311 conditum
2327 2248 2390 2311 et
2435 2248 2846 2329 approbatum
2895 2247 3217 2331 (statutum
3266 2249 3604 2328 Capitulare

1626 2337 1813 2413 1689,
1862 2332 2006 2398 eoa.
2058 2335 2165 2415 lx)
2283 2380 3618 2400 ...........
3687 2334 3817 2401 196

1096 2419 1363 2485 CCXLI.
1412 2420 1675 2485 loannes
1723 2417 1799 2483 de
1834 2416 2282 2484 Malachowice
2318 2419 2768 2487 Malacbowski
2795 2420 3145 2504 Episcopus
3174 2420 3606 2489 cracoviensis

1620 2506 1681 2570 et
1718 2504 1858 2570 Dux
1887 2502 2198 2585 severiae,
2252 2504 2579 2573 Summam
2609 2506 2876 2575 Centum
2921 2507 3191 2574 millium
3234 2509 3611 2575 florenorum

1620 2592 2067 2675 polonicalium
2113 2592 2176 2657 in
2204 2593 2382 2660 bonis
2417 2594 2647 2678 Oppidi
2678 2595 3022 2678 Radomysl
3057 2596 3447 2680 inscriptam,
3489 2616 3604 2679 pro

1616 2680 1982 2745 fundatione
2060 2680 2346 2747 binorum
2411 2681 2996 2749 Anniversariorum
3080 2682 3147 2747 in
3221 2680 3613 2766 refrigerium

1618 2768 1860 2831 animae
1904 2784 2057 2832 suae
2103 2768 2424 2851 (Statutum
2473 2770 2802 2849 Capitulare
2853 2773 3034 2845 1689,
3083 2772 3234 2833 Cod.
3279 2772 3385 2853 IX)
3473 2823 3490 2838 .
3603 2820 3618 2835 .
3684 2768 3812 2835 197

1126 2852 1367 2919 CXLII.
1416 2854 1743 2921 Ordinatio
1806 2854 2034 2937 quotae
2065 2874 2154 2920 ex
2203 2854 2408 2921 Censu
2453 2854 2841 2939 provenienti
2887 2856 3438 2940 septingentorum
3482 2856 3604 2923 flo-

1620 2960 1906 3007 renorum
1956 2942 2034 3007 de
2077 2942 2354 3025 Radomy
2363 2942 2439 3024 sl,
2485 2943 2792 3009 Ministris
2839 2943 3288 3026 capitularibus
3325 2944 3390 3009 et
3415 2943 3600 3011 Vice-

1619 3027 1983 3094 custodibus
2067 3028 2528 3096 cathedralibus
2603 3031 2921 3115 (statutum
2996 3031 3332 3109 capitulare
3414 3037 3600 3115 1689,
3723 3116 3814 3184 98

1617 3118 1761 3179 cod.
1811 3115 1916 3199 lx)
2047 3162 3621 3188 .............
3683 3118 3720 3182 1

1026 3201 1355 3268 CCXLIII.
1407 3203 1763 3280 Decretum,
1812 3205 1885 3268 ut
1920 3203 2211 3268 intersint
2249 3204 2487 3287 Missis,
2525 3205 2731 3272 Fastis
2769 3204 3014 3270 Natalis
3053 3207 3118 3271 et
3147 3205 3608 3272 Translationis

1618 3290 1681 3358 S.
1722 3251 2043 3368 S⁹tanislai,
2091 3289 2492 3358 Perillustres
2541 3293 2605 3362 et
2639 3291 3165 3360 Reverendissimi
3200 3293 3454 3358 Domini
3483 3292 3603 3359 Ca·

1033 3462 1356 3528 CCXLIV.
1407 3377 3380 3652 1)eojgjgissglggggssgffiguffipggggzgllfflg(lgzgt‘ogtnffigassglgrss
3414 3427 3617 3550 1698,
3679 3377 3819 3620 ἐξ

1669 3573 1699 3616 ο
2048 3599 3621 3624 .............

1060 3635 1352 3702 CCXLV.
1402 3637 1499 3704 De
1546 3639 1835 3704 triennali
1898 3639 2207 3705 revisicne
2253 3636 2561 3706 Villa'rum
2607 3639 3212 3723 praestimonialium
3267 3642 3329 3706 et
3375 3639 3604 3707 Domo-

1616 3745 1755 3792 rum
1784 3726 2236 3792 canonicalium
2265 3729 2588 3810 (Statutum
2611 3730 2968 3810 Capitulare,
2989 3729 3132 3792 Ood.
3158 3732 3272 3810 IX,
3299 3732 3424 3792 sine
3451 3729 3630 3812 anno)
3677 3727 3812 3794 200

1033 3810 1355 3877 CCXLVI.
1408 3811 1622 3878 Poena
1686 3810 2142 3878 discedentium
2210 3832 2330 3879 non
2396 3814 2570 3880 finito
2620 3813 2909 3898 capitulo
2954 3814 3234 3900 generali
3281 3815 3605 3900 (statutum

1622 3903 1971 3979 Capitulare,
2020 3902 2168 3964 Cod.
2217 3904 2316 3982 IX,
2363 3906 2490 3964 sine
2535 3903 2713 3986 anno)
2819 3947 3614 3968 .......
3673 3901 3810 3968 200

1007 3981 1359 4050 CCXLVII.
1408 3983 1680 4070 Tempus
1710 3985 2006 4052 visitandi
2035 3987 2383 4056 Ecclesiam
2418 3989 2866 4072 praescriptum
2891 3989 3210 4070 (Statntum
3243 3989 3602 4072 capitulare,

1620 4077 1765 4137 Cod.
1814 4077 1916 4156 IX,
1964 4077 2086 4136 sine
2133 4078 2310 4156 anuo)
2431 4121 3616 4142 ..........
3677 4075 3810 4142 201

977 4156 1369 4224 CCXLVIII.
1418 4158 1649 4225 Contra
1695 4179 1819 4226 non
1865 4163 2271 4245 procurantes
2318 4160 2833 4246 approbationem
2881 4161 3352 4246 Privilegiorum
3401 4181 3604 4246 poena

1618 4247 1940 4332 (statutum
1990 4246 2345 4328 Capitulare,
2391 4251 2526 4314 Ood.
2573 4252 2674 4332 IX,
2721 4253 2845 4314 sine
2889 4248 3069 4332 anno)
3212 4247 3808 4316 ..201

1037 4329 1361 4397 CCXLIX.
1416 4333 1506 4399 De
1552 4334 1970 4401 celebratione
2015 4334 2255 4402 Missae
2301 4336 2567 4404 Votivae
2629 4335 2972 4420 gratiarum
3019 4335 3284 4403 actionis
3349 4336 3448 4402 die
3495 4336 3602 4404 de

1618 4420 3598 4593 &aaziae&alicuid2555‚⁶.¹⁵}²a..f;¹‡11¹52¹aeclissis..

1193 4677 1375 4746 cci..
1429 4681 1519 4746 ne
1564 4594 2306 4749 1531⁰E1b{1{)mribu1ia11s·
2356 4645 2566 4769 mgni·
2606 4644 2956 4770 (si-,atuium'
3014 4642 3346 4764 cipitdiaro‘
3405 4646 3609 4766 rimJ
3651 4596 3794 4662 201

1147 4851 1353 4919 CCLI.
1406 4853 1498 4918 De
1545 4771 1983 4921 inffesszssffiia
2011 4855 2098 4920 Mi
2083 4814 2245 4922 asae
2278 4817 3022 4944 conventuali·(Statutnm
3055 4818 3375 4936 (lapitular’e
3409 4819 3600 4942 1113,
3599 4823 3614 4836 ’
3673 4770 3809 4838 202

1116 4945 2310 5113 001111.ΒοατθᾷἶῗιωΙΧιξθαεὲυωῇῐίο.
2361 4992 2438 5095 in·
2483 4990 2770 5114 capitulo
2814 4993 3108 5107 ‘gen'eral'i
3153 4993 3613 5099 Translatibnis·
3673 4945 3806 5010 203

1622 5118 1938 5200 (Statutum
1986 5121 2309 5194 Capitulare
2363 5125 2548 5199 1715,
2600 5121 2737 5182 Cod.
2787 5123 2890 5201 IX)
2949 5166 3616 5187 ......
3677 5118 3782 5184 203

1094 5199 1369 5268 CCLllI.
1421 5201 1716 5268 Summae
1780 5205 2192 5286 proventuum
2254 5205 2800 5288 qualiumcumque
2847 5205 3370 5274 Reverendissimi
3417 5204 3603 5291 Capi·

1618 5290 1735 5355 tuli
1782 5290 2265 5366 distribuendae,
2312 5294 2546 5374 quanta
2589 5293 2876 5374 portione
2923 5293 3056 5359 dari
3103 5294 3372 5360 debeant
3415 5292 3602 5360 Vice-

1618 5377 2080 5460 procuratorias
2123 5381 2450 5460 (Statutum
2491 5383 2817 5460 Capitulare
2859 5385 3042 5458 1715,
3089 5383 3224 5446 God.
3269 5381 3375 5464 IX)
3471 5433 3485 5447 .
3599 5429 3618 5448 .
3677 5382 3782 5447 20³.
