4055 6364
2095 758 2399 837 -132
2504 806 2609 819 ,-

899 964 1202 1045 Statutis
1253 971 1472 1045 latius
1525 971 1948 1047 continetur.
2045 971 2429 1047 Praeterea
2485 972 2718 1047 visum
2776 978 2887 1047 est
2940 971 3214 1049 eisdem
3285 970 3625 1046 Dominis
3646 1028 3664 1065 ,
3722 978 3796 1046 et

898 1094 991 1167 ab
1045 1092 1316 1167 eisdem
1394 1094 1808 1169 conclusum
1886 1100 2223 1167 statutum
2279 1101 2353 1167 et
2404 1092 2809 1187 decretum,
2888 1102 2964 1169 nt
3018 1094 3081 1169 si
3135 1092 3326 1168 idem
3400 1094 3623 1167 frater
3674 1095 3796 1167 vel

899 1216 1086 1289 alius
1131 1218 1436 1290 Domum
1473 1215 1940 1313 capitularem
1977 1216 2051 1289 in
2092 1216 2444 1290 aedificiis
2481 1225 2553 1289 et
2588 1218 2965 1292 structuris
3020 1217 3418 1305 refecisset,
3457 1217 3560 1291 ita
3597 1217 3789 1313 quod

899 1335 1382 1411 conditionem
1456 1335 1777 1411 eiusdem
1853 1337 2107 1413 domus
2178 1338 2477 1411 fecisset
2549 1338 2958 1433 meliorem,
3032 1338 3275 1413 taliter
3348 1347 3425 1413 ut
3486 1362 3579 1412 ex
3630 1338 3795 1435 ipsa

897 1466 1142 1531 taxata
1217 1482 1344 1554 per
1403 1459 1760 1533 Dominos
1835 1459 1924 1532 de
1998 1458 2335 1557 Capitulo
2408 1460 2653 1555 aliqua
2724 1483 3000 1534 summa
3072 1461 3535 1558 pecuniarum
3608 1460 3795 1535 ultra

899 1580 1468 1655 anniversarium
1526 1580 1980 1655 Vicariorum
2037 1583 2457 1679 resultaret3
2516 1606 2607 1655 ex
2658 1582 3050 1679 praedictis
3124 1583 3454 1657 omnibus
3506 1590 3651 1655 tam
3706 1582 3794 1655 de

897 1725 1088 1776 anno
1139 1704 1440 1797 gratiae,
1499 1704 1927 1795 testamenti,
1985 1712 2057 1778 et
2094 1702 2336 1777 Villae
2382 1704 2994 1801 praestimonialis
3048 1728 3261 1801 quam
3314 1714 3484 1779 taxa
3539 1702 3792 1778 domus

899 1824 1018 1899 vel
1071 1826 1374 1901 aliarum
1430 1848 1661 1900 rerum
1720 1849 1846 1900 seu
1902 1826 2250 1901 bonorum
2308 1826 2807 1901 derelictorum
2862 1826 3144 1901 Fratris
3199 1826 3553 1918 defuncti,
3612 1848 3795 1921 quae

899 1956 1396 2045 superessent,
1455 1950 1520 2023 si
1573 1955 1678 2023 tot
1733 1950 2079 2045 pecuniae
2136 1949 2565 2023 resultarent
2620 1948 2810 2045 quod
2863 1972 3005 2023 una
3060 1972 3303 2022 marca
3379 1948 3495 2022 vel
3552 1947 3795 2045 plures

899 2092 1160 2144 census
1217 2094 1308 2143 ex
1358 2071 1542 2167 ipsis
1595 2071 2079 2145 verisimiliter
2134 2073 2416 2167 possint
2467 2071 2906 2169 comparari,
2961 2071 3063 2144 ita
3117 2070 3307 2165 quod
3362 2094 3503 2144 non
3560 2069 3795 2144 minus

900 2193 1212 2266 sedecim
1269 2192 1538 2266 Marcis
1608 2218 1738 2289 pro
1789 2218 1934 2267 una
1987 2195 2473 2291 comparanda
2544 2202 3013 2292 computetur.
3106 2192 3313 2267 Haec
3366 2194 3441 2265 in
3496 2192 3615 2265 die
3672 2215 3793 2264 an-

899 2315 1277 2388 niversarii
1333 2315 1616 2389 Fratris
1671 2314 2024 2411 defuncti,
2083 2317 2200 2391 vel
2256 2315 2401 2389 alio
2456 2324 2623 2390 ante
2676 2315 2796 2389 vel
2852 2322 3017 2412 post
3067 2318 3303 2410 magis
3358 2322 3560 2411 apto,
3617 2313 3793 2387 Pro-

899 2446 1270 2511 curatores
1328 2435 1646 2534 Capituli
1702 2437 1793 2511 ad
1849 2438 1988 2511 hoc
2045 2437 2459 2534 specialiter
2518 2437 2831 2531 singulis
2885 2437 3095 2511 annis
3146 2437 3219 2509 in
3274 2436 3599 2530 generali
3654 2434 3789 2511 Ca·

905 2557 1128 2655 pitulo
1186 2558 1598 2655 deputandi,
1665 2558 2109 2653 diligentiam
2164 2561 2237 2633 in
2279 2560 2639 2652 exigendo
2692 2567 2765 2634 et
2818 2558 3329 2655 compertando
3387 2556 3797 2655 praedictas

901 2682 1243 2777 pecunias
1294 2682 1483 2755 infra
1537 2705 1668 2755 sex
1721 2682 2071 2754 mensium
2128 2682 2433 2777 spatium
2492 2682 2626 2755 sub
2682 2704 2915 2777 poena
2988 2703 3451 2755 censurarum
3524 2680 3795 2753 facien-

899 2810 1032 2895 tes,
1094 2802 1520 2877 distribuent
1571 2803 1645 2875 in
1699 2802 1888 2876 hunc
1943 2804 2269 2897 modum;
2344 2803 2446 2875 ita
2498 2802 2856 2895 videlicet,
2910 2810 2991 2877 ut
3042 2827 3205 2878 cum
3258 2802 3799 2876 anniversarius

902 2924 1060 2999 dies
1114 2926 1185 2998 in
1244 2922 1680 2999 Calendario
1744 2924 1832 2997 ad
1891 2924 2031 2999 hoc
2087 2926 2425 3022 deputato
2495 2926 2885 3021 inscriptus
2959 2925 3264 3001 alicuius
3335 2925 3619 2999 Fratris
3672 2925 3797 2998 de-

899 3048 1125 3122 functi
1179 3046 1588 3133 adveniret,
1648 3046 1740 3120 de
1795 3070 1935 3143 quo
1989 3047 2134 3144 ipsi
2188 3046 2706 3121 Procuratores
2776 3046 2895 3120 vel
2950 3047 3132 3121 alter
3182 3049 3503 3143 ipsorum
3579 3044 3797 3119 debe-

903 3170 1078 3244 bunt
1128 3170 1485 3244 Dominos
1541 3168 1657 3243 die
1713 3169 2094 3267 capitulari
2149 3168 2609 3268 praecedenti
2662 3172 2971 3262 avisare,
3026 3169 3174 3245 illis
3230 3170 3459 3266 quiin
3498 3167 3800 3262 Vigiliis

901 3292 990 3366 de
1047 3315 1211 3366 sero
1250 3301 1321 3365 et
1355 3294 1622 3366 missae
1679 3291 1768 3366 de
1805 3317 2011 3367 mane
2070 3292 2561 3369 defunctorum
2619 3317 2750 3391 per
2803 3290 3190 3367 Scholares
3244 3291 3618 3364 Ecclesiae
3674 3289 3799 3363 de·

901 3416 1411 3490 cantandarum
1466 3415 1895 3508 intererunt,
1971 3424 2076 3489 tot
2128 3439 2413 3490 marcae
2481 3439 2611 3490 seu
2677 3415 3027 3513 pecuniae
3100 3412 3597 3488 anniversales
3669 3412 3801 3486 illo

902 3536 1019 3609 die
1089 3538 1278 3611 inter
1328 3537 1684 3610 Dominos
1736 3545 2185 3635 praesenteS,
2262 3546 2333 3611 et
2395 3538 2608 3611 dictis
2682 3537 2969 3611 Officiis
3041 3546 3309 3610 attente
3386 3535 3657 3631 pariter
3727 3542 3805 3608 et

903 3659 1161 3732 devote
1215 3659 1755 3753 interessentes,
1813 3667 1886 3733 et
1937 3681 2073 3756 pro
2128 3659 2366 3733 anima
2420 3660 2737 3733 defuncti
2791 3668 3081 3734 orantes
3133 3657 3333 3732 iuxta
3385 3665 3617 3730 ratum
3669 3678 3803 3730 seu

903 3803 1267 3860 numerum
1324 3781 1805 3876 praesentium
1861 3780 2331 3855 Dominorum
2371 3780 2800 3871 dividantur,
2859 3782 3065 3856 salvo
3102 3779 3298 3876 quod
3334 3777 3801 3872 Subdiaconi,

901 3903 1215 3976 Diaconi
1268 3910 1341 3975 et
1393 3899 1826 3977 Sacerdotes
1879 3925 2024 3976 non
2080 3903 2527 3998 officiantes,
2600 3905 2799 3977 iuxta
2871 3902 3224 3978 Statutum
3292 3911 3364 3976 et
3418 3907 3801 3976 consuetu-

901 4025 1139 4098 dinem
1193 4024 1599 4116 Ecclesiae,
1657 4025 1746 4098 de
1784 4025 2409 4101 distributionibus
2464 4051 2637 4101 suas
2674 4028 3028 4123 recipiant
3080 4027 3474 4122 portiones.
3540 4024 3803 4118 Negli-

901 4157 1160 4242 gentes
1214 4156 1471 4239 autem,
1531 4148 1653 4242 qui
1705 4149 2008 4245 primum
2066 4156 2483 4222 nocturnum
2541 4151 2612 4222 in
2668 4148 2989 4242 Vigiliis,
3050 4148 3164 4222 vel
3217 4148 3581 4222 introitum
3637 4170 3805 4221 cum

905 4271 1137 4366 Kiryc
1193 4271 1490 4366 eleyson
1547 4271 1619 4343 in
1661 4270 1892 4344 Missa
1945 4270 2441 4344 defunctorum
2499 4272 2969 4365 neglexerint,
3029 4280 3333 4368 excepta
3382 4269 3538 4345 sola
3576 4292 3808 4343 causa

901 4392 1372 4483 infirmitatis,
1463 4393 1696 4466 nullas
1768 4417 1898 4489 pro
1971 4393 2099 4466 illa
2170 4395 2330 4466 vice
2402 4393 2765 4468 debebunt
2835 4393 3103 4466 habere
3174 4394 3545 4489 portiones
3619 4413 3809 4487 quas
3886 4419 3893 4424 ·

811 4577 817 4584 .
903 4515 1116 4588 etiam
1174 4515 1235 4588 si
1291 4515 1501 4587 aliter
1554 4515 1988 4611 reciperent,
2063 4516 2153 4589 ad
2212 4518 2726 4591 restitutionem
2783 4517 3125 4613 ipsarum,
3199 4526 3537 4609 tanquam
3610 4513 3810 4587 male

902 4638 1242 4734 percepti,
1302 4644 1694 4712 teneantur.
1754 4635 2078 4727 Quilibet
2114 4639 2326 4713 etiam
2367 4663 2457 4712 ex
2490 4638 2871 4712 Fratribus
2926 4638 3140 4710 etiam
3198 4638 3426 4742 minor
3481 4636 3808 4733 Presby-

903 4768 1080 4853 tero,
1136 4761 1502 4856 particeps
1539 4759 1949 4832 huiusmodi
1986 4761 2413 4856 portionum,
2471 4759 2789 4854 Vigilias
2822 4782 3079 4833 novem
3134 4759 3523 4832 lectionum
3572 4758 3813 4832 semel

901 4904 1034 4979 per
1087 4905 1204 4972 se,
1281 4881 1548 4954 Missas
1607 4904 1780 4955 vero
1835 4891 1940 4956 tot
1995 4905 2126 4978 per
2178 4906 2259 4956 se
2314 4883 2433 4957 vel
2490 4907 2619 4979 per
2668 4883 2889 4956 alium
2960 4883 3151 4955 infra
3220 4904 3432 4954 unam
3498 4879 3811 4975 quinde—

902 5027 1062 5076 nam
1124 5026 1250 5099 pro
1305 5003 1541 5076 anima
1607 5003 1891 5078 Fratris
1963 5006 2280 5079 defuncti
2351 5006 2745 5101 compleat,
2820 5011 2995 5098 quot
3047 5026 3333 5076 marcae
3374 4993 3592 5075 'inter
3656 5001 3811 5074 Do-

901 5125 1135 5198 minos
1215 5134 1638 5221 praesentes
1715 5125 1846 5199 illa
1924 5126 2043 5199 die
2098 5126 2540 5223 dividentur;
2622 5127 2805 5199 alias
2846 5213 2851 5218 ,
2887 5123 3257 5222 praedicta
3336 5124 3816 5218 negligentes

904 5247 1237 5339 scienter,
1294 5246 1529 5319 sciant
1581 5270 1661 5322 se
1713 5249 1850 5322 sub
1905 5271 2140 5346 poena
2193 5251 2474 5346 peccati
2528 5246 3000 5324 mortalis-ad
3055 5247 3577 5324 restitutionem
3634 5271 3811 5346 per-

903 5376 1268 5466 ceptorum
1325 5369 1658 5464 obligari.
