4055 6364
2095 699 2563 776 -2-

889 921 962 988 et
1013 909 1294 987 Statuta
1363 910 1746 985 Ecclesiae
1817 906 2331 985 Cracoviensis
2403 907 2826 1003 allegentur,
2902 907 2993 983 de
3066 908 3327 1005 quibus
3396 910 3567 1007 quia
3634 932 3781 985 non

879 1044 1044 1110 sunt
1112 1034 1184 1108 in
1259 1032 1551 1130 scriptis
1621 1033 1916 1108 redacta
1989 1056 2081 1105 an
2138 1029 2419 1105 Statuta
2492 1032 2842 1125 existant,
2916 1038 2989 1104 et
3040 1051 3287 1105 eorum
3358 1032 3781 1107 authoribus

877 1154 1262 1231 dubitatur.
1330 1150 1594 1251 Sicque
1647 1154 1722 1227 in
1775 1153 2190 1251 receptione
2246 1152 2773 1229 Canonicorum
2825 1152 2899 1226 in
2951 1152 3117 1250 ipsa
3172 1152 3507 1230 Ecclesia
3558 1176 3781 1250 super

876 1274 1352 1351 observandis
1423 1272 2111 1369 constitutionibus,
2188 1272 2847 1350 Consuetudinibus
2918 1281 3132 1370 atque
3186 1272 3493 1351 Statutis
3542 1274 3779 1372 ipsius

876 1397 1256 1473 Ecclesiae
1311 1419 1530 1495 super
1581 1397 1855 1472 incerto
1909 1396 2337 1492 exigebatur
2385 1396 2885 1470 iuramentum.
2940 1394 3039 1470 Et
3088 1397 3255 1492 quia
3292 1397 3419 1471 ubi
3470 1418 3611 1470 non
3666 1404 3781 1470 est

875 1518 1448 1614 fundamentum,
1505 1516 2095 1617 superaedificari
2146 1538 2289 1592 non
2343 1526 2607 1615 potest.
2698 1516 2795 1592 Et
2848 1518 3236 1592 secundum
3314 1518 3775 1615 Apostolum:

887 1638 1162 1730 „Nemo
1216 1647 1456 1739 potest
1507 1662 1779 1737 ponere
1835 1639 2030 1715 aliud
2089 1646 2377 1737 praeter
2429 1640 2503 1713 id
2542 1636 2733 1735 quod
2788 1647 2901 1713 est
2954 1636 3289 1715 Christus
3338 1638 3565 1715 Jesus
3616 1639 3777 1713 fun-

739 1740 748 1755 *
877 1763 1362 1839 dementum“.
1417 1760 1734 1837 Proinde
1787 1762 1948 1837 Nos
1998 1760 2329 1837 Joannes
2382 1761 2653 1835 Divina
2703 1768 2777 1836 et
2812 1759 3283 1857 Apostolicae
3340 1758 3552 1836 Sedis
3606 1783 3773 1859 pro-

877 1884 1197 1959 videntia
1249 1882 1663 1982 Episcopus
1718 1881 2234 1959 Cracoviensis
2287 1906 2429 1959 una
2484 1906 2641 1957 cum
2678 1880 3059 1957 Fratribus
3114 1885 3383 1959 nostris
3436 1884 3781 1957 videlicet

877 2004 1217 2106 Capitulo
1271 2003 1744 2083 Oracoviensi
1799 2004 2073 2081 Christi
2127 2004 2436 2080 Nomine
2488 2004 2862 2097 invocato,
2928 2003 3117 2099 quod
3176 2004 3462 2101 quando
3517 2003 3779 2079 recoli-

877 2151 1037 2203 mus
1088 2126 1382 2203 fleetere
1437 2125 1784 2203 debemus
1834 2150 2098 2222 genua,
2156 2126 2393 2201 saltim
2450 2123 2691 2199 cordis
2743 2126 3283 2220 ambiguitatem
3340 2136 3413 2199 et
3462 2126 3777 2200 incertu-

879 2250 1120 2327 dinem
1173 2248 1584 2327 huiusmodi
1637 2248 2091 2349 dispendium
2148 2248 2474 2349 pluribus
2526 2248 2977 2322 afferrentem
3051 2248 3341 2321 omnino
3394 2247 3648 2321 tollere
3706 2254 3781 2320 et

877 2370 1244 2446 elucidare
1296 2370 1626 2445 volentes
1677 2372 1914 2467 gratia
1977 2370 2207 2447 Nobis
2278 2371 2719 2464 suffragante
2792 2370 3059 2442 Divina
3079 2426 3097 2461 ‚
3175 2367 3779 2461 Consuetudines,

880 2490 1452 2567 Constitutiones
1487 2501 1560 2567 et
1596 2488 1877 2568 Statuta
1929 2472 2311 2567 Ecclesiae
2366 2490 2681 2565 Nostrae
2738 2491 2870 2564 sub
2924 2490 3135 2564 Anno
3189 2492 3484 2564 Domini
3538 2489 3779 2563 Mille-

878 2613 1060 2689 simo
1115 2611 1659 2688 Trecentesimo
1713 2614 2084 2689 Vicesimo
2141 2612 2461 2707 Octavo,
2520 2609 2741 2687 Sexto
2796 2610 2972 2687 Idus
3030 2612 3304 2711 Aprilis
3356 2614 3430 2687 in
3486 2612 3783 2707 scriptis

879 2734 1208 2809 duximus
1261 2733 1661 2830 redigenda
1715 2734 2191 2810 decernentes
2244 2734 2862 2825 Consuetudines‚
2939 2733 3510 2810 Constitutioues
3562 2742 3781 2829 atque

879 2852 1159 2931 Statuta
1209 2856 1488 2932 viribus
1541 2858 1830 2933 omnino
1885 2881 2173 2949 carere,
2248 2880 2433 2954 quae
2489 2878 2625 2930 non
2686 2864 2852 2932 sunt
2904 2857 3174 2953 scripta
3226 2858 3302 2931 in
3356 2854 3497 2930 hoc
3549 2854 3781 2932 Volu-

877 2978 1070 3053 mine
1120 2978 1552 3055 Nostrorum
1606 2976 2069 3054 Statutorum.

2281 3290 2389 3401 ΙΙ,

1477 3497 1585 3581 De
1639 3497 2170 3583 distributione
2224 3497 2655 3632 quotidiana
2704 3497 3181 3582 vicariorum.

1087 3707 1485 3808 Cupientes
1553 3708 1776 3805 igitur
1843 3710 2113 3784 cultum
2190 3709 2524 3784 Divinum
2576 3711 2653 3784 in
2707 3710 3048 3786 Ecclesia
3116 3709 3385 3788 Nostra
3438 3709 3653 3786 simul
3704 3717 3783 3788 et

881 3832 1334 3908 devotionem
1407 3831 1850 3930 temporibus
1919 3832 2190 3907 nostris
2261 3833 2551 3928 augeri,
2624 3839 2698 3908 et
2768 3855 2929 3909 cum
3004 3842 3256 3908 sancta
3319 3857 3409 3908 ac
3462 3832 3783 3908 salubris

884 3955 980 4030 sit
1031 3954 1374 4048 cogitatio
1445 3977 1654 4029 orare
1725 3976 1857 4050 pro
1911 3954 2211 4028 mortuis
2265 3961 2341 4028 ut
2394 3979 2438 4028 a
2491 3955 2747 4051 poenis
2818 3957 3211 4030 solvantur.
3302 3953 3785 4030 Providemus

885 4076 1274 4152 salubriter
1325 4084 1398 4151 et
1449 4076 1850 4172 sancimus3
1921 4073 2113 4171 quod
2166 4074 2445 4150 Vicarii
2499 4077 2883 4152 Ecclesiae
2952 4087 3243 4152 nostrae
3296 4077 3592 4151 missam
3646 4097 3783 4172 pro

885 4205 1164 4273 matura
1255 4205 1420 4295 post
1507 4197 1818 4271 Primam
1911 4197 2321 4272 immediate
2406 4206 2476 4273 et
2552 4198 2871 4294 Vigilias
2959 4210 3127 4297 post
3216 4197 3783 4296 Completorium

885 4341 1046 4396 cum
1100 4318 1381 4394 Novem
1451 4319 1922 4411 lectionibus,
1995 4319 2306 4415 singulis
2376 4321 2673 4416 diebus,
2754 4322 2974 4398 Feria
3048 4323 3293 4418 quinta
3367 4321 3787 4420 specialiter

887 4460 1021 4537 pro
1091 4439 1299 4514 Duce
1377 4439 1720 4515 Boleslao
1793 4438 2282 4516 Cracoviense
2368 4443 2637 4518 Pudice
2711 4452 2784 4518 et
2852 4445 3019 4520 aliis
3098 4443 3427 4538 Regibus
3496 4453 3570 4520 et
3638 4444 3783 4517 Po-

884 4561 1124 4638 loniae
1211 4560 1674 4660 Principibus
1752 4563 1876 4658 qui
1945 4563 2138 4638 bona
2214 4563 2458 4660 aliqua
2542 4565 2927 4642 Ecclesiae
3014 4577 3302 4644 nostrae
3392 4577 3558 4642 sunt
3634 4567 3785 4641 lar·

887 4684 1059 4779 giti,
1131 4684 1545 4780 duplicibus
1615 4683 1860 4760 Festis
1923 4693 1996 4762 et
2048 4685 2305 4760 diebus
2360 4688 2761 4762 Dominicis
2832 4688 3179 4764 duntaxat
3248 4690 3573 4786 exceptis
3646 4713 3788 4765 nec

888 4828 1032 4880 non
1099 4802 1492 4882 Sabbathis
1544 4801 1674 4901 pei·
1727 4815 1946 4882 totam
2003 4807 2651 4901 Quadragesimam
2710 4819 2781 4882 et
2832 4811 2907 4884 iu
2960 4811 3222 4906 quibus
3293 4811 3587 4884 Festum
3654 4831 3783 4882 no-

889 4951 1056 5004 vem
1101 4928 1484 5006 lectionum
1539 4931 1880 5018 evenerit,
1938 4931 2107 5027 quia
2150 4931 2225 5007 in
2262 4931 2371 5004 eis
2427 4955 2556 5028 pro
2612 4932 2843 5006 Missa
2898 4933 3420 5024 defunctorum,
3474 4932 3783 5008 Missam

887 5049 979 5126 de
1051 5048 1398 5138 Domina,
1469 5051 1909 5146 temporibus
1961 5052 2331 5148 perpetuis
2417 5052 2658 5128 dicere
2732 5062 3125 5128 teneantur.
3224 5055 3317 5128 Et
3397 5056 3567 5150 quia
3654 5057 3787 5148 qui

885 5171 1102 5254 sentit
1171 5193 1355 5248 onus
1425 5171 1642 5248 debet
1713 5174 1979 5247 sentire
2052 5175 2653 5259 emolumentum:
2736 5177 3015 5251 Damus
3088 5175 3386 5250 eiisdem
3456 5175 3785 5252 Vicariis

895 5289 1364 5392 offertorium
1430 5293 1521 5370 de
1592 5295 1849 5393 Capite
1917 5295 2141 5371 Beati
2208 5293 2561 5374 Stam'slai
2578 5353 2595 5388 ,
2673 5297 2862 5396 quod
2936 5299 3246 5376 l'1·aelati
3300 5307 3371 5374 et
3426 5296 3783 5378 Canonioi
