4055 6364
51 1702 54 1817 Ι

47 4899 50 4930 Ι

47 5189 50 5204 >

1420 751 1927 829 -71-

430 962 594 1052 Qua
646 962 829 1037 hora
880 961 1343 1055 adveniente,
1402 962 1467 1036 si
1518 986 1703 1037 unus
1756 963 1876 1036 vel
1929 962 2177 1059 plures
2247 962 2338 1036 ad
2396 962 2928 1056 Praelaturam‚
2987 961 3126 1038 Ca-

238 1086 627 1159 nonicatum
682 1086 801 1159 vel
854 1083 1351 1159 Praebendam
1408 1092 1805 1172 vacantem,
1864 1084 2118 1179 vigore
2170 1085 2538 1160 literarum
2591 1094 2662 1160 et
2699 1109 3126 1182 procesuum

238 1206 783 1303 apostolicorum
836 1206 1323 1303 requisiverit,
1380 1206 1497 1281 vel
1552 1230 1635 1280 se
1687 1207 1916 1303 recipi
1968 1214 2042 1281 et
2093 1207 2448 1281 installari
2505 1206 2748 1282 debita
2803 1232 2962 1283 cum
3017 1208 3126 1281 in-

238 1330 489 1403 stantia
538 1316 1083 1425 requisiverint,
1156 1329 1455 1403 Domini
1510 1328 1599 1403 de
1655 1328 1993 1427 Capitulo
2057 1329 2529 1405 Cracoviensi
2583 1330 2832 1405 eadem
2887 1330 3126 1427 requi-

240 1450 509 1525 sitionis
580 1452 699 1527 die
772 1451 865 1526 ad
918 1452 1405 1549 receptionem
1462 1459 1533 1526 et
1584 1451 2142 1525 installationem
2197 1453 2395 1527 illius
2449 1453 2568 1527 vel
2621 1452 2908 1527 illorum
2961 1476 3124 1549 pro-

240 1574 489 1649 cedant
540 1574 851 1669 minime,
910 1573 1037 1649 sed
1096 1597 1229 1647 sex
1283 1572 1554 1647 dierum
1613 1573 1952 1647 dilatione
2008 1573 2408 1669 praemissa
2455 1574 2549 1648 ad
2587 1573 3126 1649 deliberandum

240 1704 305 1768 et
352 1695 817 1772 revidendum
872 1697 1122 1771 literas
1178 1704 1249 1769 et
1283 1718 1694 1794 processus,
1754 1694 1966 1769 Tunc
2020 1694 2304 1770 demum
2340 1697 2414 1770 in
2453 1698 2754 1771 termino
2793 1696 3126 1772 dilatorio
3221 1734 3228 1741 ·

241 1840 359 1892 seu
422 1818 930 1895 deliberatorio
1002 1816 1355 1893 mandatis
1428 1841 1722 1914 parere,
1798 1841 1885 1891 ac
1938 1816 2034 1891 ad
2089 1818 2533 1912 Dignitatem
2607 1818 3124 1912 Praelaturam,

240 1938 741 2017 Canonicatum
781 1941 902 2016 vel
936 1939 1435 2015 Praebendam
1482 1948 1881 2035 vacantem,
1940 1949 2291 2037 quotquot
2334 1942 2599 2015 fuerint
2632 1942 2705 2015 in
2747 1963 3122 2035 concursu,
3247 1999 3257 2010 .

237 2085 438 2137 unum
476 2063 591 2138 vel
626 2064 877 2161 plures
931 2084 1226 2137 numero
1260 2062 1586 2159 recipere
1642 2069 1713 2135 et
1747 2061 2123 2136 installare
2170 2061 2534 2137 debebunt
2571 2070 2642 2137 et
2677 2065 3124 2137 tenebuntur.

432 2184 518 2260 In
572 2210 713 2283 qua
764 2194 1002 2260 tamen
1055 2184 1468 2282 receptione
1521 2184 1873 2259 habeatur
1924 2185 2108 2258 ratio
2163 2208 2294 2281 pro
2341 2208 2538 2259 more
2593 2186 2818 2259 veteri
2854 2209 3122 2279 eorum,

242 2308 351 2401 qui
402 2332 532 2405 per
580 2309 831 2382 literas
886 2306 1429 2382 Ordinari01·um
1468 2307 1744 2403 provisi
1784 2307 1900 2381 vel
1934 2306 2240 2380 instituti
2277 2315 2462 2400 sunt,
2519 2314 2596 2381 nt
2629 2308 2852 2405 prius,
2912 2332 3124 2405 quam

242 2432 499 2524 provisi
552 2430 935 2527 apostolici
986 2430 1427 2526 recipiantur
1478 2437 1550 2502 et
1602 2428 2080 2503 installentur.
2161 2428 2248 2501 In
2303 2451 2602 2524 quorum
2657 2427 3121 2503 Provisorum

242 2552 743 2627 ordinariorum
814 2553 1228 2649 receptione
1301 2551 1550 2625 dilatio
1622 2552 1901 2648 aliqua,
1979 2551 2148 2648 quin
2216 2573 2383 2626 mox
2433 2551 2870 2646 recipiantur
2893 2605 2912 2643 ,
2969 2551 3122 2624 fieri

236 2696 365 2747 non
418 2676 654 2750 debet.
744 2672 821 2749 Si
877 2682 1113 2749 autem
1167 2681 1334 2769 post
1389 2672 1577 2747 diem
1630 2680 1703 2746 et
1755 2673 2128 2748 terminum
2196 2672 2646 2767 dilatorium,
2720 2672 2906 2747 alias
2959 2684 3128 2769 post

228 2799 695 2895 receptionem
748 2798 961 2873 unius
1014 2796 1132 2871 vel
1188 2796 1495 2893 plurium
1553 2795 1647 2869 ad
1700 2796 2148 2889 Dignitatem
2207 2793 2723 2870 Canonicatum
2778 2802 2852 2869 et
2903 2793 3122 2868 Prae-

236 2918 525 2993 bendam
597 2928 1016 3009 vacantem,
1093 2919 1219 2993 alii
1290 2926 1545 3015 postea
1614 2942 1774 2993 cum
1830 2917 2188 2992 similibus
2250 2918 2481 2993 literis
2535 2926 2608 2991 et
2659 2918 3126 3015 processibus

238 3042 643 3136 apostolicis
697 3041 817 3115 vel
867 3040 1283 3133 ordinariis,
1341 3048 1543 3114 extra
1598 3063 2025 3114 concursum
2083 3040 2424 3135 primum,
2491 3039 2583 3113 ad
2639 3038 2938 3113 eandem
2992 3040 3123 3112 Di-

237 3164 563 3258 gnitatem
623 3164 743 3238 vel
794 3161 1291 3238 Praebendam
1348 3186 1429 3236 se
1483 3162 1712 3259 recipi
1766 3169 1837 3236 et
1887 3162 2246 3237 installari
2299 3161 2835 3259 requisiverint,
2892 3160 3124 3236 audiri

238 3309 365 3362 non
418 3288 703 3382 debent,
757 3311 990 3385 neque
1042 3288 1271 3384 recipi
1324 3286 1444 3360 vel
1496 3285 1875 3360 installari.

429 3408 1027 3504 Quandoquidem
1082 3433 1213 3505 per
1266 3409 1580 3506 priorem
1652 3409 2137 3505 receptionem
2193 3415 2265 3482 et
2316 3406 2874 3482 installationem
2940 3405 3122 3478 adeo

238 3534 614 3608 solenniter
666 3533 931 3606 factam
954 3589 972 3626 ,
1045 3533 1418 3632 possessio
1489 3531 1888 3627 Dignitatis
1964 3531 2056 3604 de
2117 3530 2547 3604 Praebenda
2621 3536 2924 3602 vacante
2995 3551 3126 3623 per

238 3657 435 3730 alium
488 3657 611 3731 vel
664 3656 851 3730 alios
903 3654 1045 3734 iam
1102 3662 1588 3752 praeocupata
1624 3655 1739 3745 sit,
1796 3661 2009 3751 atque
2065 3653 2407 3746 Dignitas
2463 3650 2949 3725 Canonicatus
3002 3648 3123 3722 vel

236 3776 688 3854 Praebendae
740 3801 883 3852 non
921 3786 1199 3852 vacent.
1260 3776 1473 3866 Quod
1528 3774 1883 3852 Statutum
1924 3783 2356 3850 memoratus
2411 3774 2764 3846 Dominus
2815 3770 3122 3869 Episco-

236 3924 357 3996 pus
423 3901 748 3976 decrevit
815 3901 1043 3974 inseri
1120 3899 1211 3974 ad
1270 3898 1613 3972 Codicetn
1691 3896 2131 3973 Statutorum
2204 3896 2726 3971 ordinariorum
2799 3891 3121 3990 Capituli

238 4029 301 4095 et
345 4023 724 4098 Ecclesiae
779 4021 1315 4114 Oracoviensis,
1373 4020 1566 4117 quod
1622 4021 1893 4115 singuli
1947 4020 2262 4094 Praelati
2321 4026 2392 4092 et
2444 4016 2795 4091 Canonici
2819 4073 2836 4104 ,
2910 4015 3123 4088 tactis

237 4140 613 4244 Scripturis
668 4143 1191 4238 sacrosanctis,
1248 4143 1638 4218 observare
1693 4145 2037 4238 iurarunt,
2096 4141 2296 4218 etad
2332 4142 2490 4216 eius
2544 4137 3122 4215 observationem

238 4289 309 4341 se
370 4277 441 4344 et
490 4291 667 4346 suos
739 4289 1203 4343 successores
1277 4275 1627 4364 perpetuo
1682 4266 2257 4359 obstrinxerunt,
2333 4263 2842 4354 decernentes,
2917 4266 2996 4333 ut
3047 4259 3120 4332 in

236 4389 451 4466 forma
502 4392 881 4468 iuramenti
933 4390 1129 4466 circa
1178 4389 1665 4486 receptionem
1721 4411 1851 4485 per
1901 4388 2260 4462 Dominos
2327 4393 2700 4483 praestare
2755 4382 2991 4474 soliti,
3050 4388 3123 4456 ct

238 4511 359 4587 hoc
412 4511 763 4589 Statutum
814 4513 1001 4588 inter
1052 4512 1196 4586 alia
1251 4509 1915 4608 comprehendatur.
1972 4509 2161 4584 Acta
2213 4511 2380 4584 sunt
2430 4507 2612 4581 haec
2665 4508 2737 4580 in
2783 4504 3123 4578 Ecclesia

238 4631 641 4711 cathedrali
693 4634 1164 4710 Cracoviensi
1216 4635 1290 4708 in
1342 4634 1674 4728 generali
1746 4631 2086 4730 Capitulo
2139 4655 2273 4730 pro
2326 4631 2515 4704 festo
2581 4626 3118 4702 Purificatiouis

237 4756 457 4832 Divae
492 4757 826 4852 Virginis
860 4757 1163 4840 Mariae,
1218 4752 1433 4829 Anno
1485 4755 1783 4829 Domini
1835 4754 2227 4828 Millesimo
2284 4749 2882 4846 Quingentesimo
2922 4747 3118 4838 Qua-

239 4877 633 4976 dragesimo
687 4880 1075 4954 celebrato.
1134 4879 1651 4953 Praesentibus
1684 4877 1977 4972 ibidem,
2032 4875 2667 4950 Reverendissimo
2713 4873 2789 4946 in
2828 4870 3120 4946 Christo
3159 4962 3166 4968 .

234 4998 431 5078 Patre
485 5010 559 5077 et
612 5002 1170 5077 Venerabilibus
1220 5001 1595 5074 Dominis:
1660 4999 1974 5075 Domino
2031 4996 2364 5072 Samuele
2417 4995 2923 5071 Macieiowski
2974 4993 3121 5067 Dei

234 5127 453 5218 gratia
505 5111 879 5223 Episcopo
934 5123 1351 5198 Cheimensi
1404 5130 1477 5196 et
1528 5123 1769 5216 Regni
1820 5121 2171 5196 Poloniae
2224 5119 2410 5195 Vice
2458 5117 2913 5193 Cancellario
2967 5117 3118 5189 De·

237 5273 439 5344 cano,
516 5245 844 5343 Georgio
914 5246 1379 5345 Myskowski
1442 5245 1533 5319 de
1586 5244 2050 5319 Przeczicow
2120 5241 2324 5317 Juris
2378 5241 2746 5336 utriusque
2800 5239 3117 5311 Doctore

236 5371 649 5471 Praeposito
669 5429 689 5465 ,
759 5370 1046 5447 Joanne
1098 5367 1548 5466 Naropiuski
1601 5365 1959 5460 Custode,
2035 5363 2344 5441 Nicolao
2399 5363 2489 5438 de
2543 5359 3117 5459 Pokrzywnicza
