4055 6364
1376 746 1954 823 -171-

1509 1007 1792 1108 CCIV.

183 1195 533 1302 uuiube't
567 1217 968 1302 praeflatus
1009 1216 1394 1316 negligens
1429 1215 1834 1298 absolvere
1872 1232 2065 1300 suas
2106 1214 2390 1300 missas
2419 1212 2517 1298 ad
2546 1147 2789 1300 maius
2815 1213 3105 1312 Altam,

166 1338 443 1454 tribus
501 1339 782 1422 mareis
836 1358 968 1439 pro
1027 1337 1359 1440 qualibet
1415 1338 1656 1426 missa
1709 1337 2066 1438 neclecta
2118 1330 2549 1436 puniendus.
2618 1336 2823 1418 Anno
2885 1334 3103 1418 1605.

1139 1461 1266 1542 nie
1325 1459 1410 1541 14
1466 1459 1747 1542 mensis
1805 1458 2175 1540 octobris.

399 1671 812 1747 Reverendi
885 1671 1183 1746 Domini
1257 1669 1578 1746 Praelati
1649 1680 1722 1746 et
1795 1668 2149 1744 Canonici
2221 1690 2442 1765 supra
2516 1668 2765 1766 scripti
2827 1667 2901 1741 in
2962 1668 3105 1747 hoc

173 1794 521 1887 generali
591 1791 929 1890 Capitulo
1000 1791 1512 1869 concluserunt
1577 1799 1647 1869 et
1699 1793 2214 1872 decreverunt:
2280 1800 2357 1868 ut
2422 1788 2683 1870 amodo
2758 1798 2830 1869 et
2900 1789 3098 1872 dein-

175 1938 365 2014 ceps
423 1916 723 2012 quilibet
794 1915 1173 1990 Praelatus
1229 1922 1302 1988 et
1353 1911 1768 1990 Canonicus
1840 1913 2223 1988 Ecclesiae
2296 1912 2759 1988 Cathedralis
2830 1911 3099 1987 Oraco-

173 2037 469 2112 viensis
503 2037 1027 2112 hebdomadam
1083 2059 1284 2110 suam
1335 2058 1426 2108 ex
1473 2036 1725 2110 ordine
1766 2037 1968 2111 iuxta
2013 2035 2246 2109 vicem
2281 2034 2891 2111 hebdomadarum
2931 2056 3099 2108 con-

174 2160 588 2256 tingentem
643 2161 717 2234 in
771 2159 1024 2234 Missis
1097 2160 1250 2233 suis
1311 2159 1403 2232 ad
1459 2159 1692 2234 maius
1745 2159 2001 2234 Altare
2074 2158 2586 2249 decantandis,
2660 2181 2794 2256 per
2848 2179 2929 2232 se
2981 2157 3103 2232 vel

173 2305 315 2379 per
393 2283 609 2358 alium
685 2279 1138 2358 Confratrem
1192 2281 1266 2354 in
1325 2305 1454 2356 sua
1524 2282 1856 2357 absentia
1927 2281 2355 2380 adimpleat3
2433 2280 2555 2378 qui
2628 2287 2867 2355 autem
2942 2301 3097 2354 eam

173 2403 590 2502 adimplere
642 2405 1064 2499 neglexerit,
1121 2403 1240 2478 vel
1300 2427 1438 2478 non
1493 2404 1875 2494 curaverit,
1931 2404 2104 2478 talis
2140 2404 2215 2480 in
2253 2404 2486 2478 tribus
2539 2401 2806 2476 marcis
2850 2400 3099 2498 punia-

171 2535 294 2602 tur
333 2551 383 2600 a
419 2527 741 2623 qualibet
793 2525 1028 2600 Missa
1084 2526 1418 2620 neglecta
1470 2526 2033 2600 irremisibiliter
2086 2525 2481 2617 solvendis,
2540 2547 2725 2621 quae
2780 2547 2871 2599 ex
2917 2523 3101 2597 cista

175 2651 572 2748 capitulari
626 2650 961 2724 Praelato
1016 2648 1132 2722 vel
1189 2646 1560 2751 Canonico
1633 2648 1816 2724 tales
1869 2647 2356 2742 negligentias
2430 2646 2752 2745 explenti
2807 2653 2879 2721 et
2930 2667 3096 2719 exe-

176 2773 434 2868 quenti
507 2771 883 2863 dabuntur,
939 2779 1012 2846 et
1075 2793 1206 2869 per
1262 2770 1810 2846 Procuratorem
1883 2770 2351 2866 capitularem
2424 2793 2517 2844 ex
2585 2769 3099 2844 refectionibus

175 2919 312 2970 seu
375 2895 850 2993 proventibus
919 2895 1282 2988 absentis,
1361 2917 1490 2968 seu
1557 2894 1742 2968 tales
1812 2893 2087 2968 Missas
2158 2891 2555 2989 adimplere
2630 2890 3095 2987 negligentis,

175 3016 353 3094 dum
412 3017 785 3111 residebit,
845 3016 1389 3092 defalcabuntur
1443 3021 1516 3089 et
1567 3015 2075 3112 percipientur.

1525 3329 1766 3430 CCV.

185 3538 598 3639 capitulum
647 3536 1092 3621 ordinarium
1138 3537 1359 3620 feriis
1405 3539 1650 3621 sextis
1699 3539 1881 3638 met
1926 3536 2295 3621 maturam
2353 3535 2659 3619 missam
2707 3533 3093 3616 celebran-

447 3659 636 3741 dum.
691 3660 898 3741 Anno
957 3660 1227 3741 Domini
1285 3659 1498 3741 1606.
1556 3658 1682 3739 nie
1736 3658 1935 3741 lovis
1993 3658 2043 3739 9
2100 3658 2383 3740 mensis
2440 3655 2840 3738 Februarii.

402 3868 586 3945 Cum
641 3892 861 3967 saepe
917 3870 1309 3965 contingat,
1365 3869 1750 3945 nonnullos
1803 3869 2275 3945 Dominorum
2326 3867 2533 3942 feriis
2586 3865 2812 3941 sextis
2868 3888 3085 3963 prop·

178 3998 290 4065 ter
353 3992 652 4085 negotia
704 3992 1132 4087 capitularia
1187 4002 1257 4064 et
1311 3991 1692 4066 Ecclesiae
1747 3991 2163 4084 tractanda,
2238 3988 2445 4063 tarde
2501 3987 2917 4086 Capitulum
2972 3987 3085 4063 in-

186 4114 400 4208 gredi
455 4122 528 4189 et
579 4114 871 4209 negotia
938 4112 1350 4189 huiusmodi
1421 4113 1738 4207 negligi,
1813 4112 2226 4187 Reverendi
2280 4110 2574 4185 Domini
2627 4110 2699 4183 in
2763 4109 2907 4184 hoc
2958 4130 3086 4203 ge-

184 4236 421 4310 nerali
459 4233 795 4332 Capitulo
837 4236 1283 4330 congregati,
1329 4235 1772 4310 inhaerendo
1821 4231 2103 4309 Statuto
2141 4233 2540 4331 capitulari,
2582 4231 3084 4306 decreverunt:

185 4360 378 4455 quod
420 4366 604 4456 -post
654 4358 1067 4433 matutinam
1124 4357 1424 4433 Missam
1481 4367 1853 4432 teneantur
1907 4356 2177 4450 singuli
2232 4354 2550 4430 Praelati
2606 4361 2678 4429 et
2733 4352 3086 4430 Canonici

184 4480 456 4557 intrare
514 4478 960 4578 Capitulum3
1013 4481 1202 4576 quod
1252 4480 1316 4554 si
1353 4481 1514 4577 quis
1559 4488 1937 4575 antequam
1986 4475 2277 4553 Summa
2322 4476 2555 4551 Missa
2600 4476 2893 4574 incepta
2932 4475 3085 4551 fue-

179 4604 304 4698 rit,
359 4603 648 4697 ingredi
700 4601 1111 4700 Capitulum
1165 4603 1605 4697 neglexerit,
1665 4602 1830 4675 talis
1885 4600 2217 4675 omnibus
2283 4598 2904 4674 distributionibus
2956 4596 3085 4672 illo

183 4723 298 4799 die
347 4725 938 4824 provenientibus
983 4726 1182 4801 iuxta
1233 4721 1512 4799 Statuta
1563 4724 1659 4798 sit
1693 4723 2039 4821 privatus,
2095 4722 2169 4795 in
2222 4744 2365 4818 quo
2408 4721 2851 4797 conscientia
2901 4720 3083 4796 Pro·

183 4847 554 4939 curatoris,
611 4848 676 4921 si
727 4846 802 4921 id
857 4847 1115 4943 exequi
1170 4846 1590 4941 neglexerit,
1647 4854 2005 4920 oneratur.
