4055 6364
2067 807 2155 818 —
2273 762 2435 840 162.
2526 807 2629 820 --

905 971 1494 1048 Cracoviensium
1539 994 1681 1045 nou
1719 970 2114 1066 mansione,
2171 971 2389 1046 talem
2444 995 2736 1046 censum
2794 979 3118 1045 exactum
3158 979 3230 1046 et
3266 972 3614 1065 relictum,
3671 996 3819 1070 pro

901 1095 1177 1170 fabrica
1241 1094 1414 1168 dicti
1482 1092 1948 1168 Contubernii
2019 1093 2383 1188 assignari
2436 1102 2509 1168 et
2563 1094 2885 1168 converti
2950 1095 3327 1169 voluerunt
3392 1104 3465 1170 et
3532 1103 3815 1169 statue-

903 1220 1092 1312 runt,
1148 1216 1666 1313 assignantque
1721 1223 1792 1290 et
1845 1221 2166 1290 statuunt
2218 1215 2358 1290 hoc
2411 1239 2544 1292 suo
2598 1216 2915 1291 Decreto
2968 1216 3351 1292 mediante.

2027 1527 2692 1630 CLXXXVIII.

904 1729 1342 1817 Seu-vitores
1397 1753 1538 1816 non
1590 1733 1869 1816 debent
1915 1735 2168 1835 recipi,
2227 1735 2361 1818 nisi
2418 1734 2752 1816 habeant
2805 1733 3491 1818 commendationes
3530 1753 3582 1815 a
3616 1735 3821 1836 prio-

1184 1854 1389 1936 ribus
1445 1855 1611 1939 suis
1667 1856 2007 1940 Dominis.
2063 1855 2271 1939 Anno
2328 1855 2543 1938 1602.
2603 1856 2730 1938 nte
2785 1855 2984 1939 lovis
3040 1857 3093 1938 3
3151 1855 3521 1940 octobris.

1114 2064 1510 2162 Cupientes
1561 2066 2088 2141 inconstantiae
2142 2067 2567 2142 servitorum
2624 2090 2947 2162 snorum,
3006 2067 3128 2163 qui
3184 2075 3523 2166 suscepto
3579 2069 3817 2143 servi-

904 2188 1008 2262 tio
1051 2211 1096 2260 a
1145 2188 1297 2262 suis
1352 2187 1801 2262 Reverendis
1855 2188 2191 2262 Dominis
2246 2188 2401 2262 sine
2453 2189 2747 2262 licentia
2804 2189 3223 2286 plerumque
3277 2189 3676 2282 discedunt,
3736 2199 3819 2264 et

908 2333 954 2383 a
1007 2310 1374 2384 nonnullis
1427 2310 1896 2385 Dominornm
1945 2309 2163 2384 facile
2200 2311 2707 2408 suscipiuntur,
2765 2319 3059 2408 propter
3112 2310 3299 2407 quod
3357 2312 3821 2408 suspiciones

906 2432 1160 2527 malae,
1218 2432 1386 2507 odia
1433 2441 1505 2507 et
1545 2431 1960 2508 inimicitiae
2002 2433 2192 2506 inter
2238 2457 2409 2508 suas
2458 2432 3011 2508 Dominationes
3054 2432 3524 2507 Reverendas
3569 2433 3814 2507 oriun-

906 2563 1043 2648 tur,
1119 2578 1531 2648 occurrere,
1603 2554 2012 2629 Reverendi
2067 2555 2359 2630 Domini
2415 2555 2735 2629 Praelati
2790 2561 2863 2627 et
2914 2551 3266 2628 Canonici
3336 2555 3821 2652 suprascripti

904 2679 978 2753 in
1026 2677 1168 2753 hoc
1218 2677 1545 2772 generali
1591 2675 1926 2774 Capitulo
1983 2677 2409 2772 congregati
2463 2685 2899 2753 statuerunt:
2958 2685 3035 2750 ut
3077 2676 3336 2750 amodo
3390 2699 3599 2751 nemo
3644 2699 3815 2752 sua-

906 2825 1064 2876 rum
1117 2800 1700 2877 Dominationum
1757 2798 2344 2874 Reverendarum
2398 2801 2821 2874 servitorem
2859 2823 3047 2889 eum,
3104 2798 3227 2894 qui
3276 2799 3495 2872 alicui
3532 2823 3623 2872 ex
3658 2800 3817 2872 Do-

906 2923 1122 2998 minis
1173 2922 1509 3014 servivit,
1581 2921 1738 2996 sine
1792 2921 2409 2996 commendatione
2476 2922 2762 2996 Domini
2816 2922 3081 3018 prioris
3134 2944 3223 2993 ac
3273 2920 3509 2994 literis
3562 2922 3815 2996 dimis-

911 3045 1298 3121 sorialibus
1334 3043 1637 3140 recipiat
1673 3045 1807 3117 sub
1845 3066 2083 3140 poena
2120 3042 2545 3140 privationis
2582 3043 3156 3118 distributionum
3197 3050 3502 3137 quatuor
3536 3042 3817 3116 hebdo-

909 3169 1300 3244 madarum.

2122 3371 2612 3475 CLXXIX.

915 3582 1341 3667 neclan-atio
1407 3580 1698 3665 statuti
1766 3583 1856 3663 de
1927 3580 2329 3681 Deputatis
2385 3582 2451 3663 in
2509 3581 2805 3682 neuntio
2873 3582 3265 3666 Ecclesiae
3330 3584 3412 3664 et
3478 3582 3815 3683 capituti,

851 3820 858 3827 .
915 3708 1002 3788 ut
1049 3704 1426 3807 Deputato
1479 3705 1834 3786 eiusmodi
1883 3704 2374 3787 sine‘viatico
2435 3703 2679 3784 bullae
2727 3703 2809 3784 et
2856 3703 3330 3787 refectiones
3378 3723 3470 3785 ex
3513 3704 3814 3803 intem-o

931 3870 940 3879 ·
1062 3828 1228 3910 acsi
1284 3826 1676 3928 praesenti
1735 3826 2030 3906 denunt.
2086 3824 2293 3907 Anno
2352 3824 2565 3907 1602.
2623 3824 2752 3906 nie
2806 3824 3122 3909 Veneris
3175 3825 3235 3905 4
3288 3824 3661 3908 octobris.

1122 4015 1490 4135 Prope'in
1547 4034 1827 4111 Statuto
1906 4036 2287 4134 capitulari
2351 4037 2441 4111 de
2496 4036 2648 4127 his,
2723 4037 2845 4132 qui
2916 4038 3285 4111 mittuntur
3352 4038 3425 4111 in
3498 4036 3817 4132 negotiis

915 4160 1294 4235 Ecclesiae
1379 4168 1452 4233 et
1528 4157 1846 4261 Capituli
1924 4157 2184 4252 huius,
2270 4158 2464 4233 facto
2549 4158 2888 4255 scriptum
2970 4167 3045 4234 et
3120 4160 3567 4257 appositum,
3648 4180 3817 4231 cum

913 4306 958 4355 a
1011 4280 1256 4357 multis
1313 4280 1693 4374 dubitetur,
1767 4280 1858 4355 ad
1926 4287 2101 4376 quot
2149 4280 2487 4355 milliaria
2558 4304 2723 4355 sese
2778 4280 3165 4355 extendere
3186 4338 3203 4373 ,
3270 4289 3343 4356 et
3404 4279 3819 4378 praesentia

913 4403 1294 4478 Ecclesiae
1367 4403 1704 4499 quamdiu
1773 4402 1868 4477 iis
1889 4458 1908 4497 ,
1981 4403 2104 4498 qui
2166 4402 2573 4478 huiusmodi
2658 4402 3106 4497 negotiorum
3178 4404 3675 4501 capitularium
3744 4410 3823 4477 et

914 4526 1296 4601 Ecclesiae
1349 4547 1572 4600 causa
1624 4524 2014 4619 mittuntur,
2073 4525 2373 4599 concedi
2429 4524 2710 4616 debeat,
2766 4505 3176 4600 Revercndi
3230 4525 3523 4599 Domini
3560 4526 3637 4599 in
3672 4524 3821 4599 hoc

916 4646 1252 4745 Capitulo
1301 4646 1625 4741 generali
1669 4648 2094 4742 congregati
2140 4647 2355 4721 talem
2405 4647 2960 4722 declarationem
3007 4648 3411 4723 faciendum
3459 4648 3823 4723 duxerunt

917 4778 990 4844 et
1039 4770 1402 4844 fecerunt:
1459 4773 1536 4845 ut
1590 4768 1875 4865 quando
1931 4777 2003 4843 et
2058 4770 2339 4864 quoties
2407 4769 2673 4866 aliquis
2742 4770 3213 4845 Dominornm
3288 4772 3821 4868 Deputatorum

917 4892 1076 4967 sine
1111 4892 1377 4966 viatico
1410 4892 1484 4964 in
1521 4891 1834 4985 negotiis
1883 4891 2267 4967 Ecclesiae
2320 4892 2554 4986 huius,
2602 4893 2900 4987 siveque
2944 4891 3265 4989 Capituli
3308 4894 3819 4991 proficiscitur,

913 5016 1028 5089 illi
1079 5014 1321 5090 bullae
1377 5022 1450 5089 et
1500 5014 1934 5089 refectiones
1987 5038 2081 5087 ex
2130 5015 2415 5110 integro
2468 5015 2618 5089 acsi
2677 5015 3041 5111 praesenti
3095 5013 3370 5091 dentur.
