4055 6364
2124 725 2693 798 -212—

952 935 1263 1008 sentavit
1309 934 1534 1008 hocce
1589 934 2173 1026 lustramentum,
2235 957 2366 1031 per
2419 932 2823 1009 Admodum
2898 934 3398 1008 Reverendnm
3470 935 3839 1010 Notarium

949 1056 1152 1131 clara
1204 1079 1385 1130 voce
1441 1055 1770 1153 praelegi
1823 1055 2016 1148 fecit,
2074 1054 2397 1152 illudque
2451 1056 2747 1152 insuper
2800 1055 3192 1131 accedente
3249 1058 3559 1131 omnium
3596 1065 3669 1130 et
3700 1058 3843 1130 siu-

948 1177 1282 1271 gulorum
1359 1199 1742 1271 consensu,
1799 1175 2008 1250 Actis
2082 1177 2381 1250 minoris
2446 1178 2556 1250 sui
2611 1175 2931 1273 Capituli
2982 1179 3281 1251 inscribi
3337 1179 3723 1274 postulavit
3774 1185 3849 1251 et

950 1298 1276 1373 obtinuit.
1336 1297 1561 1372 Cuius
1617 1298 2085 1372 Instrumenti
2140 1298 2230 1372 de
2267 1299 2492 1372 verbo
2547 1297 2638 1371 ad
2698 1299 2993 1372 verbum
3046 1309 3255 1372 tenor
3302 1301 3623 1395 sequitur
3656 1299 3843 1374 talis:

1160 1419 1305 1494 Pro
1361 1419 1614 1494 maiori
1672 1419 2035 1494 evidentia
2087 1419 2507 1494 intentionis
2562 1443 2785 1512 meae,
2844 1429 2991 1494 tum
3046 1428 3120 1493 et
3156 1421 3659 1495 informatione
3696 1421 3845 1517 ple-

950 1541 1137 1616 niori
1210 1539 1722 1616 Communitati
1795 1541 2095 1616 minoris
2168 1540 2487 1638 Capituli
2560 1540 3147 1616 Reverendorum
3202 1542 3655 1616 Vicariorum
3710 1543 3847 1615 Ee-

952 1663 1220 1737 clesiae
1275 1659 1738 1737 Cathedralis
1793 1662 2341 1756 Cracoviensis,
2398 1671 2779 1759 antequam
2838 1687 3185 1736 summam
3242 1663 3446 1737 Mille
3482 1663 3847 1758 Quingen-

951 1792 1182 1861 torum
1253 1783 1685 1858 florenorum
1761 1784 2275 1881 polonicalium
2347 1807 2479 1882 pro
2549 1785 2991 1878 obligatione
3065 1786 3367 1860 inferius
3438 1785 3849 1883 specificata

950 1930 997 1981 a
1050 1929 1161 1979 me
1215 1906 1660 2001 receperint,
1735 1903 1870 1980 has
1919 1906 2075 1980 illis
2138 1905 2513 2003 porrigere
2584 1907 2814 1981 visum
2886 1914 3001 1980 est
3053 1908 3227 1982 mihi
3280 1907 3726 1982 conditiones
3776 1916 3849 1980 et

950 2033 1218 2125 puncta
1271 2024 1536 2101 tradita
1589 2027 1681 2100 ad
1738 2051 1991 2101 manus
2044 2027 2365 2102 Illustris
2418 2028 2897 2120 Vicedecani,
2977 2029 3075 2103 uti
3133 2030 3385 2102 ordine
3438 2029 3668 2126 primo
3718 2027 3847 2102 Vi-

953 2151 1306 2224 cat-iorum
1389 2150 1961 2224 Communitatis.
2092 2147 2161 2251 1)
2237 2149 2613 2239 Quatenus
2686 2151 2879 2222 circa
2952 2151 3433 2246 receptionem
3534 2173 3847 2225 summae

952 2271 1159 2344 Mille
1242 2269 1814 2364 Quingentorum
1883 2271 2317 2346 florenorum
2376 2272 2881 2369 polonicalium
2939 2295 3029 2345 ex
3085 2273 3413 2346 manibus
3464 2273 3538 2345 in
3595 2273 3721 2364 eis,
3771 2271 3843 2344 in

952 2392 1376 2489 plenissima
1429 2393 1660 2466 forma
1713 2415 1844 2490 per
1896 2394 2288 2468 Decretum
2347 2393 2667 2490 Capituli
2721 2393 2857 2484 sui,
2914 2402 2986 2467 et
3020 2402 3278 2490 postea
3330 2395 3845 2491 approbatione

951 2513 1134 2588 Loci
1173 2511 1541 2588 Ordinarii
1577 2513 2061 2590 Illustrissimi
2096 2515 2539 2608 firmandum,
2580 2517 2977 2588 inscribant
3030 2539 3111 2592 se
3148 2523 3221 2591 et
3272 2517 3633 2609 obligent,
3689 2537 3843 2611 per·

950 2635 1190 2731 petuis
1243 2635 1688 2732 temporibus
1759 2636 2254 2711 celebraturos
2308 2637 2611 2711 Missam
2668 2637 2927 2711 lectam
2984 2661 3197 2711 unam
3252 2639 3577 2734 qnalibet
3630 2636 3843 2732 septi-

953 2778 1166 2828 mana
1217 2755 1291 2828 in
1347 2778 1772 2852 quacunque
1829 2756 1944 2831 die
1999 2780 2131 2855 per
2174 2782 2458 2846 annum,
2513 2759 2585 2832 in
2635 2757 2942 2855 Capella
2996 2757 3243 2832 Sancti
3296 2757 3643 2833 Stanislai
3680 2781 3841 2830 con-

956 2885 1258 2968 secrata,
1331 2861 1516 2972 quae
1590 2885 1698 2951 est
1767 2879 1838 2952 in
1894 2879 2189 2976 lapidea
2262 2879 2621 2976 quondam
2692 2880 3139 2955 residentiali
3210 2881 3531 2955 eiusdem
3608 2877 3847 2952 Sancti

954 2996 1329 3072 Pontificis
1382 2997 1752 3096 Martyria,
1810 3023 2022 3095 quam
2078 3001 2171 3074 ad
2226 3023 2577 3097 praesens
2628 3001 2975 3075 inhabito.
3032 3001 3197 3076 Hae
3252 3001 3533 3076 Missae
3589 3000 3846 3073 debent

957 3119 1312 3194 celebrari
1363 3121 1564 3196 iuxta
1617 3122 2081 3196 intentionem
2136 3123 2255 3221 pie
2312 3123 2625 3197 defuncti
2682 3123 2997 3218 Remigii
3054 3120 3417 3221 Suszycki
3470 3121 3843 3197 Archidia-

956 3241 1121 3315 coni
1173 3241 1530 3338 quondam
1587 3240 2121 3337 Cracoviensis,
2180 3243 2277 3318 de
2330 3244 2519 3318 festo
2577 3242 2823 3318 Sancti
2880 3242 3226 3319 Stanislai
3262 3244 3637 3341 Episcopi,
3692 3266 3843 3317 cum

959 3362 1324 3437 Memento
1397 3372 1470 3438 et
1534 3362 1864 3439 Collecta
1917 3388 2050 3462 pro
2104 3366 2343 3440 anima
2411 3367 2934 3463 praenominati
3006 3365 3485 3457 Fundatoris,
3562 3374 3707 3440 tum
3780 3372 3847 3437 et

957 3483 1295 3559 Andreae
1350 3494 1516 3582 post
1567 3488 1716 3561 fata
1767 3511 1950 3582 mea,
2008 3510 2198 3562 nunc
2250 3498 2487 3561 autem
2544 3512 2674 3584 pro
2732 3490 3051 3585 peccatis
3108 3489 3287 3561 meis
3322 3487 3645 3561 ultimam
3686 3486 3843 3559 Col-

955 3607 1257 3701 lectam‚
1331 3607 1433 3683 uti
1507 3608 1906 3705 portionem
1979 3619 2247 3683 certam
2323 3609 2413 3683 de
2468 3611 2761 3707 proprio
2834 3609 2925 3682 ad
2994 3609 3293 3683 eandem
3362 3608 3847 3682 fundationem

957 3728 1426 3822 consignatis.
1513 3728 1590 3829 2)
1647 3729 1764 3802 Ex
1819 3738 2170 3826 proventu
2226 3729 2547 3805 eiusdem
2618 3754 2959 3823 smnmae,
3036 3730 3195 3803 sive
3249 3730 3319 3802 in
3380 3752 3681 3802 censum
3730 3752 3851 3826 per

959 3847 1556 3925 Communitatem
1618 3852 1994 3947 locandae,
2054 3854 2210 3927 sive
2264 3854 2337 3925 in
2392 3854 2799 3927 auctionem
2855 3860 3249 3951 proventus
3300 3852 3375 3924 in
3430 3851 3649 3924 bonis
3704 3851 3849 3925 suis

960 3973 1508 4067 convertendae,
1584 3972 1776 4069 quod
1850 3974 2063 4047 etiarn
2138 3974 2210 4046 in
2267 3973 2477 4048 Actis
2528 3975 2815 4050 illorum
2873 3974 2963 4048 ad
3020 3974 3513 4070 posteritatem
3572 3972 3849 4069 specifi-

959 4093 1110 4167 cari
1182 4094 1372 4188 volo,
1449 4094 1899 4192 ApparatUS,
1977 4096 2042 4169 si
2094 4118 2231 4170 usu
2297 4096 2629 4171 diuturno
2696 4096 2773 4171 hi
2844 4097 2967 4193 qui
3042 4096 3559 4191 relinquuntur,
3634 4092 3851 4167 attriti

957 4214 1260 4309 fuerint,
1335 4238 1757 4311 comparare
1813 4217 1956 4291 sibi
2007 4217 2458 4309 tenebuntur,
2536 4225 2682 4291 tum
2739 4225 2811 4291 et
2864 4217 3252 4303 candelas;
3320 4217 3563 4289 vinum
3616 4226 3849 4291 autem

961 4359 1052 4411 ex
1119 4333 1467 4412 Sacristia
1529 4337 1910 4413 Ecclesiae
1981 4337 2440 4413 Cathedralis
2513 4348 2801 4414 nostrae
2885 4339 2978 4412 ad
3048 4337 3273 4413 hocce
3346 4336 3851 4412 celebrandum

961 4454 1282 4550 Sacrum,
1340 4467 1693 4553 quatenus
1747 4482 1888 4535 non
1928 4461 2023 4533 sit
2060 4459 2512 4553 denegabile,
2553 4460 2613 4533 si
2656 4484 2839 4557 opus
2892 4462 3145 4551 fuerit,
3204 4460 3609 4557 procurabo
3664 4458 3853 4555 apud

958 4577 1666 4654 Reverendissimum
1750 4579 2184 4678 Capitulum.
2272 4580 2347 4682 3)
2404 4580 2943 4679 Supellectilem
3028 4605 3345 4674 sacram,
3431 4589 3677 4677 utpote
3732 4604 3853 4653 ca-

957 4700 1166 4773 licem
1225 4724 1386 4775 cum
1441 4709 1704 4798 patena
1757 4703 2197 4796 deauratum,
2257 4728 2389 4800 per
2442 4728 2555 4777 me
2594 4712 3010 4801 comparata
3065 4727 3225 4776 cum
3262 4702 3649 4797 requisitis,
3704 4712 3850 4775 tum

961 4822 1274 4915 casulas,
1347 4822 1656 4918 tobalia,
1730 4826 1940 4898 albas
2013 4834 2149 4899 etc.
2228 4822 2558 4925 (quorum
2635 4826 2943 4899 omnium
3017 4824 3301 4898 dabitur
3368 4822 3852 4897 Inventarium

959 4942 1474 5047 subscriptum)
1531 4948 1991 5021 conservabit
2044 4944 2537 5022 Communitas
2591 4947 2663 5019 in
2705 4945 3022 5020 eiusdem
3079 4944 3427 5042 Capellae
3476 4944 3659 5037 loce,
3716 4946 3853 5020 sub

957 5064 1198 5141 Altari
1251 5067 1576 5142 seorsive
1631 5068 2102 5143 occludendo.
2178 5066 2253 5169 4)
2314 5068 2697 5143 Dedicatio
2772 5068 2985 5141 huius
3040 5066 3431 5163 Capellae,
3506 5088 3689 5162 quae
3742 5068 3853 5140 in-

961 5187 1136 5262 cidit
1189 5187 1306 5261 die
1359 5188 1576 5262 Nona
1646 5187 2026 5282 Octobris,
2102 5188 2379 5264 Altaris
2448 5196 2681 5263 antem
2758 5188 2873 5263 die
2944 5188 3321 5283 Vigesima
3392 5186 3851 5281 Novembris,

963 5311 1242 5405 quotics
1298 5307 1730 5383 celebranda
1789 5312 2081 5403 venerit,
2140 5310 2232 5384 ad
2290 5312 2649 5387 minimum
2708 5312 2892 5385 duae
2946 5310 3217 5384 Missae
3272 5309 3525 5384 eadem
3572 5308 3686 5382 die
3724 5310 3853 5381 ab·
