4055 6364
2066 783 2624 864 -234-

2104 1017 2546 1130 CCXCIII.

1497 1235 1895 1318 Decretum
1951 1253 2087 1338 pro
2140 1234 2639 1319 sanctuariis.
2716 1234 2924 1319 Anno
2981 1232 3187 1318 1739.

1099 1461 1310 1536 Licet
1360 1462 1425 1538 si
1477 1463 1812 1560 antiquus
1864 1485 2043 1540 usus
2094 1463 2170 1537 in
2224 1461 2561 1538 Ecclesia
2616 1461 3039 1539 Gathedrali
3092 1463 3563 1542 cracoviensi
3616 1487 3797 1563 pra-

897 1584 1202 1658 cticatus
1253 1583 1662 1679 obtinuerit,
1734 1583 1925 1682 quod
1979 1581 2387 1660 Sanctuarii
2440 1583 2535 1658 ad
2589 1584 3032 1682 praestanda
3083 1586 3159 1660 in
3214 1609 3301 1662 ea
3352 1609 3549 1662 more
3605 1586 3799 1660 alio-

892 1727 1048 1781 rum
1101 1703 1592 1782 Ministrorum
1660 1707 2315 1784 ecclesiasticorum
2388 1707 2737 1804 obsequia
2804 1730 2893 1782 ex
2970 1708 3045 1782 vi
3096 1707 3537 1784 fundationis
3610 1731 3799 1783 suae

897 1826 1246 1920 obstricti,
1301 1827 1727 1925 septimanis
1780 1828 2088 1922 singulis
2156 1852 2246 1903 ex
2299 1828 2498 1903 villis
2549 1828 2642 1903 ad
2697 1831 2933 1905 dotem
2988 1829 3439 1906 Per-illustris
3490 1831 3800 1906 Domini

895 1948 1241 2026 Custodis
1275 1946 1786 2024 cracoviensis
1841 1950 2333 2048 spectantibus
2388 1951 2515 2025 alii
2566 1958 2777 2050 atque
2832 1952 2980 2046 alii,
3038 1952 3458 2051 plerumque
3512 1951 3793 2044 inculti,

813 2079 816 2084 ’
893 2079 968 2147 et
1018 2070 1188 2170 quid
1262 2093 1396 2168 pro
1464 2093 1598 2147 suo
1670 2071 1908 2147 officio
1961 2095 2184 2167 agere
2256 2071 2635 2168 deberent,
2710 2074 2968 2170 ignari,
3046 2075 3548 2173 multotiesque
3618 2075 3799 2150 furti

895 2215 1204 2291 capaces
1255 2191 1628 2290 hucusque
1682 2193 1930 2268 venire
1985 2193 2356 2290 solebant3
2430 2195 2560 2271 sed
2619 2195 2952 2292 quoniam
3027 2220 3160 2294 per
3209 2197 3621 2273 huiusmodi
3672 2219 3794 2270 se-

892 2314 1356 2414 ptimanalem
1407 2314 1871 2390 mutationem
1938 2315 2014 2389 iu
2050 2317 2414 2413 praesenti
2466 2317 2805 2392 Ecclesia
2858 2317 3307 2394 commodum
3358 2318 3789 2417 obsequium

892 2437 1146 2513 haberi
1202 2460 1345 2513 non
1401 2444 1673 2535 potest,
1745 2436 1910 2536 ipsa
1980 2459 2155 2512 vero
2208 2436 2551 2514 Ecclesia
2603 2439 2912 2536 plurima
2965 2439 3226 2516 damna
3278 2441 3355 2514 in
3408 2441 3611 2515 varia
3666 2461 3792 2514 su·

893 2560 1243 2659 pellectili
1295 2559 1792 2636 ecclesiastica
1863 2559 2156 2656 saepius
2211 2560 2514 2657 patitur3
2587 2560 2753 2635 ideo
2822 2559 3441 2638 Reverendissimi
3492 2559 3794 2636 Domini

894 2682 970 2756 in
1024 2682 1369 2758 moderno
1442 2680 1782 2779 Capitulo
1849 2681 2177 2775 generali
2248 2682 2700 2778 congregati,
2775 2683 3135 2758 obviando
3204 2684 3664 2760 ulterioribus
3713 2682 3797 2757 in

897 2813 1261 2902 posterum
1317 2803 1620 2898 damnis,
1675 2801 2268 2901 providendoque
2318 2812 2397 2879 ut
2451 2803 2789 2881 Ecclesia
2843 2805 3193 2902 obsequia
3246 2806 3663 2881 necessaria
3713 2813 3795 2880 et

900 2925 1274 3003 commoda
1326 2925 1596 3001 habere
1647 2926 1921 3024 possit,
1997 2923 2087 3000 de
2143 2935 2384 3002 mutua
2439 2925 2956 3002 deliberatione
3014 2936 3085 3002 et
3138 2928 3445 3004 consilio
3499 2927 3795 3004 conclu-

899 3056 1175 3125 serunt:
1229 3057 1309 3124 ut
1357 3047 1807 3124 Perillustris
1878 3054 1951 3122 et
1999 3047 2681 3125 Reverendissimus
2751 3051 3112 3126 Dominus
3186 3049 3454 3126 Custos
3526 3048 3798 3125 Cathe-

901 3169 1124 3247 dralis
1194 3168 1704 3247 Cracoviensis
1773 3193 1964 3247 nunc
2018 3178 2092 3245 et
2143 3195 2276 3269 pro
2327 3178 2649 3268 tempore
2704 3172 3059 3265 existens,
3132 3171 3223 3248 de
3287 3172 3795 3249 communitate

898 3295 1382 3391 praefatarum
1435 3294 1767 3369 villarum
1833 3294 2119 3390 aliquos
2172 3294 2372 3369 viros
2424 3295 2695 3391 probos
2749 3294 2930 3370 duos
2983 3292 3101 3371 vel
3127 3294 3395 3393 plures,
3454 3292 3795 3370 obeundo

902 3415 1070 3491 huic
1126 3416 1523 3491 ministerio
1561 3416 2029 3509 sufficientes,
2085 3438 2219 3513 pro
2270 3416 2427 3490 iure
2481 3423 2553 3489 et
2577 3416 3072 3491 iurisdictione
3126 3440 3261 3493 sua
3310 3417 3384 3491 in
3440 3439 3571 3492 eos
3614 3438 3793 3491 con-

902 3538 1168 3633 stituat,
1225 3536 1347 3634 qui
1399 3538 1637 3612 taliter
1688 3536 2055 3617 constituti
2098 3537 2410 3612 officium
2449 3536 2962 3617 custodiendae
2998 3538 3381 3614 Ecclesiae
3437 3547 3509 3614 et
3564 3537 3781 3612 mini-

903 3659 1177 3735 strandi
1229 3660 1302 3734 in
1360 3657 1632 3755 eadem,
1687 3681 1831 3734 non
1883 3659 1979 3734 ad
2034 3660 2343 3757 spatium
2396 3660 2606 3735 unius
2662 3660 3125 3758 septimanae,
3180 3668 3390 3759 prout
3440 3660 3797 3735 hactenus

902 3783 1156 3878 fuerat,
1215 3780 1344 3857 sed
1397 3781 1491 3855 ad
1545 3779 1924 3855 decursum
1993 3780 2206 3855 unius
2277 3781 2444 3853 anni
2516 3782 2874 3856 sustinere
2927 3784 3379 3877 tenebuntur,
3428 3804 3598 3879 ‘quo
3668 3803 3795 3855 ex-

905 3905 1121 4003 pleto,
1175 3904 1433 3979 iterum
1485 3903 1759 3978 similes
1813 3902 1940 3977 alii
1990 3904 2065 3977 in
2117 3902 2356 3977 locum
2392 3902 2959 3977 immediatorum
3018 3904 3353 3977 substitui
3407 3902 3791 3977 debebunt.

907 4026 1142 4117 Quam
1222 4026 1740 4102 ordinationem
1813 4026 2053 4100 taliter
2120 4026 2423 4119 factam',
2481 4025 2883 4101 executioni
2952 4025 3277 4100 moderni
3345 4020 3798 4100 Perillustris

905 4148 1200 4223 Domini
1253 4146 1595 4224 Custodis
1646 4146 2264 4223 Reverendissimi
2312 4146 2603 4221 Domini
2651 4146 3179 4240 commiserunt,
3236 4147 3553 4222 Decreto
3588 4166 3795 4244 prae-

908 4270 1097 4346 senti
1148 4269 1241 4344 ad
1292 4270 1369 4345 id
1420 4266 1801 4345 mediante.

2130 4578 2566 4684 CCXCIV.

915 4807 1312 4897 Decretum
1367 4831 1462 4894 ex
1513 4806 1582 4893 vi
1637 4806 1927 4893 statuti
1967 4809 2527 4910 reassumptum
2580 4826 2816 4909 super
2854 4825 2993 4890 non
3031 4805 3438 4890 vendendis
3494 4808 3581 4888 et
3616 4804 3791 4888 aiie-

915 4934 1178 5018 nandis
1229 4934 1442 5017 silvis
1481 4952 1573 5015 ex
1609 4932 2167 5034 praestimoniis
2206 4931 2289 5011 et
2326 4930 2617 5031 gratiis,
2654 4932 2811 5011 tam
2870 4930 3095 5012 etiam
3151 4948 3244 5010 ex
3295 4928 3571 5027 fundis,
3620 4928 3787 5012 sine

949 5088 954 5100 ·
1001 5074 1378 5139 consensu
1445 5053 2067 5139 Reverendissimi
2126 5050 2456 5154 capituli.
2514 5052 2719 5134 Anno
2778 5048 2969 5133 1740
3026 5049 3143 5134 die
3197 5050 3251 5131 8
3308 5050 3705 5133 Februarii.

1121 5264 1682 5362 Ambiguitatem
1731 5262 1992 5339 Statuti
2037 5262 2479 5362 capitularis,
2526 5260 2718 5357 quod
2752 5260 3043 5358 incipit:
3093 5260 3415 5335 Destru
3430 5259 3793 5335 ctionem

919 5390 1341 5467 silvarum
1395 5395 1530 5462 etc.
1604 5386 2223 5462 Reverendissimi
2287 5383 2581 5460 Domini
2632 5384 2706 5458 in
2760 5382 3125 5482 praesenti
3178 5380 3519 5481 Capitulo
3573 5404 3794 5477 gene-

4027 5822 4034 6191 1
