4055 6364
1464 715 2034 791 -287—

292 922 579 987 eiusdem
632 919 867 988 Statuti
911 922 1146 989 abolita
1191 924 1341 989 sunt
1385 943 1495 1007 per
1541 922 1795 991 Statuta
1840 923 2168 1007 (XXXVII
2217 922 2280 989 et
2319 918 2688 1004 CCXXXI),
2738 919 2848 987 ubi
2893 918 2970 986 de
3016 918 3216 987 Anno-

292 1025 535 1109 gratiae
582 1027 753 1091 iuxta
798 1024 1293 1093 Constitutiones
1340 1028 1677 1112 synodales
1735 1027 2054 1107 solvendo,
2123 1025 2332 1094 omnia
2399 1026 2478 1090 ad
2525 1024 2828 1091 amussim
2897 1023 3201 1089 servanda

289 1130 602 1195 iubentur.
681 1128 751 1211 5)
790 1128 1024 1197 Statuti
1063 1130 1253 1214 (LIV)
1296 1130 1380 1195 de
1427 1132 1765 1195 evectio
1789 1150 1881 1193 ne
1926 1132 2196 1197 frume
2221 1112 2586 1209 ntoru’m,
2641 1128 2745 1195 ubi
2782 1114 3190 1194 Antecessori

290 1233 680 1309 conceditur,
732 1251 957 1316 ca-pro
994 1232 1179 1299 libitu
1208 1253 1321 1299 suo
1369 1236 1646 1300 evehere.
1698 1233 1763 1301 Si
1798 1236 2008 1300 tamen
2040 1235 2224 1301 alicui
2255 1234 2543 1299 extraneo
2592 1252 2716 1297 non
2763 1230 3077 1297 confratri
3125 1249 3199 1297 ea

288 1336 665 1415 vendiderit,
713 1336 983 1402 liberum
1022 1338 1141 1403 erit
1186 1336 1547 1403 Successori
1596 1337 1647 1403 si
1679 1340 1966 1415 voluerit,
2017 1340 2165 1404 dato
2213 1357 2324 1420 pro
2363 1337 2599 1402 eisdem
2640 1336 2858 1418 pretio,
2909 1354 3024 1417 pro
3063 1353 3187 1418 quo

290 1443 684 1507 contractum
732 1443 850 1519 est,
898 1460 1009 1523 pro
1059 1461 1125 1507 se
1174 1442 1461 1509 retinere.
1540 1440 1607 1525 6)
1654 1440 1885 1509 Statuti
1933 1438 2312 1524 (CCXXIX)
2362 1440 2446 1506 de
2492 1440 2994 1522 pecoribus,
3065 1458 3200 1523 pe-

290 1546 661 1611 cudibus
736 1546 810 1610 et
872 1546 1440 1629 supellectili
1516 1546 1991 1613 domestica
2063 1547 2137 1611 in
2201 1542 2866 1630 praestimoniis
2931 1542 3198 1609 relin-

290 1648 572 1731 quend
594 1667 662 1727 a,
713 1649 819 1714 ubi
856 1649 920 1713 in
950 1650 1336 1715 occurrentia
1372 1650 1713 1715 vacationis
1752 1649 2338 1735 praestimoniorum
2375 1650 2438 1713 et
2475 1646 2884 1730 lapidearum,
2933 1646 3197 1715 Reviso·

288 1753 464 1817 ribus
513 1752 589 1817 de
635 1754 869 1836 gremio
936 1751 1212 1835 Capituli
1260 1753 1633 1835 deputandis
1701 1755 1913 1820 stricte
1970 1753 2334 1837 iniungitur,
2403 1752 2712 1835 quatenus
2777 1749 3200 1816 Inventarium

290 1856 569 1921 omnium
618 1855 1040 1939 praefatorum
1088 1858 1151 1921 et
1194 1857 1481 1937 aliorum,
1554 1876 1712 1941 quae
1757 1858 1821 1923 in
1868 1858 1957 1923 eis
2005 1858 2180 1923 clavo
2247 1876 2285 1921 a
2328 1856 2534 1922 medio
2585 1874 2746 1921 anno
2796 1856 2959 1919 sunt·
2990 1854 3195 1919 affixa,

290 1960 403 2025 aut
448 1959 534 2023 sit
576 1978 792 2025 eorum
842 1960 1082 2043 aliquid
1129 1962 1447 2051 avnlsum,
1512 1964 1721 2027 exacte
1788 1963 2162 2037 describant,
2231 1963 2295 2026 et
2337 1961 2509 2027 iuxta
2555 1959 2863 2041 eiusmodi
2908 1958 3196 2025 Inventa·

290 2062 455 2129 rium
488 2062 871 2141 Successori,
922 2065 989 2130 in
1025 2065 1378 2148 praesentia
1412 2065 1657 2131 Notarii
1696 2066 2077 2148 capitularis,
2119 2066 2182 2131 in
2221 2064 2687 2149 possessionem
2723 2062 2998 2140 tradant,
3051 2082 3198 2146 pro·

289 2167 577 2233 videntes
643 2168 1015 2251 specialiter,
1086 2168 1156 2233 ut
1203 2188 1429 2251 pecora
1473 2180 1539 2236 et
1580 2171 1851 2252 pecudes
1906 2189 2032 2236 non
2080 2189 2284 2252 senes,
2333 2169 2444 2235 sed
2489 2167 2678 2234 utiles
2725 2166 3195 2250 relinquantur;

292 2270 525 2355 quibus
572 2272 626 2337 si
664 2271 1048 2337 Antecessor
1091 2272 1529 2356 quoquomodo
1577 2274 2052 2351 contravenerit,
2124 2272 2476 2339 declaratur
2521 2287 2786 2335 ascensu
2834 2271 2970 2351 μή*
3016 2269 3200 2351 udus,

298 2377 365 2438 et
411 2373 819 2440 nihilominus
868 2378 947 2441 ad
992 2376 1472 2455 restitutionem,
1522 2378 2068 2461 quaeusurpavit,
2122 2376 2541 2459 stringenduo.

507 2480 700 2544 Porro
768 2482 1240 2563 incapaces
1308 2481 1698 2563 optionis
1746 2484 1817 2545 et
1861 2480 2454 2547 assecutionis
2529 2478 3200 2563 praestimonio—

289 2600 467 2647 rum
512 2584 587 2646 et
630 2582 1205 2665 lapidearum,
1258 2585 1329 2649 hi
1377 2604 1524 2667 per
1569 2584 1926 2650 Statuta
1971 2584 2576 2650 declarantur:
2632 2580 3193 2666 1)(stat.ut.1.11).

293 2684 416 2765 Qui
462 2687 691 2769 prioris
736 2688 1172 2770 praestimonii
1218 2694 1327 2753 aut
1365 2690 1587 2754 domus
1626 2689 1947 2755 meliorem
1998 2689 2414 2755 conditionem
2463 2706 2588 2753 non
2622 2686 2860 2767 fecerit,
2913 2686 3023 2751 sed
3067 2685 3200 2751 for-

291 2790 499 2855 tassse
548 2790 914 2856 deteriorem
964 2792 1258 2869 reddidit.
1336 2792 1405 2878 2)
1454 2792 1715 2877 (Statut.
1767 2792 2018 2871 LXVI).
2080 2791 2196 2873 Qui
2244 2791 2574 2857 instantias
2619 2792 2680 2856 et
2724 2790 3201 2856 intercessiones

290 2901 406 2976 pto
455 2893 794 2960 obtinendo
840 2896 1283 2977 praestimonio
1328 2898 1427 2963 vel
1466 2899 1649 2963 domo
1698 2896 1818 2962 sibi
1863 2896 2304 2979 procuraverit.
2379 2895 2447 2980 3)
2497 2895 2748 2979 (Statut.
2781 2892 2882 2979 Ο).
2933 2893 3054 2974 Qui
3090 2895 3194 2959 ta-

292 3016 439 3061 xam
489 2996 735 3079 domus,
785 3000 886 3064 vel
920 3001 1332 3084 quodcunque
1379 3002 1547 3066 aliud
1588 3002 1867 3066 debitum
1904 3000 2234 3083 liquidum,
2279 3000 2427 3082 post
2461 2999 2788 3064 decursum
2830 2999 3016 3063 unius
3056 2997 3200 3063 anni

294 3120 331 3164 a
377 3101 659 3185 tempore
706 3102 1003 3169 contracti
1051 3105 1242 3170 debiti
1294 3102 1583 3188 Capitulo
1616 3124 1739 3169 non
1772 3104 2047 3169 solverit.
2113 3104 2181 3187 4)
2231 3102 2490 3188 (Statut.
2526 3102 2778 3187 CXXI).
2831 3102 2946 3182 Qui
2987 3103 3049 3166 in
3091 3102 3198 3167 de-

292 3205 623 3288 putatione
663 3207 756 3269 sui
790 3207 866 3270 ad
899 3208 1150 3292 negotia
1181 3206 1450 3290 Capituli
1486 3210 1587 3273 vel
1615 3207 1931 3272 Ecclesiae
1961 3207 2350 3290 negligenter
2388 3228 2454 3272 se
2492 3207 2776 3289 gesserit.
2826 3206 2894 3288 5)
2936 3205 3197 3290 (Statut.

299 3308 789 3393 CCXXXVIII).
840 3311 1149 3377 Absentes
1197 3331 1235 3376 a
1277 3311 1551 3395 generali
1600 3310 1913 3394 capitum,
1962 3311 2319 3376 immediate
2365 3312 2774 3394 praecedente
2820 3311 3092 3394 optione.

506 3517 607 3580 De
653 3516 1091 3583 solutione
1154 3537 1553 3584 censuum
1615 3539 1702 3584 ex
1765 3519 2464 3602 praestimoniis.
2530 3518 2787 3600 (Statut.
2821 3519 2974 3595 LV).
3031 3517 3199 3584 Gon-

296 3619 508 3684 textus
552 3619 739 3686 huius
804 3621 1038 3686 statuti
1086 3622 1287 3702 docet,
1357 3623 1521 3705 quod
1573 3624 1915 3706 antiquitus
1982 3625 2146 3688 circa
2191 3642 2491 3688 ascensus
2537 3623 2617 3687 ad
2663 3623 2866 3688 Villas
2933 3623 3196 3705 praesti-

296 3722 630 3803 moniales,
680 3743 792 3808 pro
841 3722 1204 3792 diversitate
1248 3727 1627 3809 temporum,
1679 3727 1907 3792 diversi
1956 3746 2180 3794 census
2229 3726 2359 3811 (qui
2407 3728 2556 3791 tunc
2593 3729 2769 3790 laxae
2809 3725 3200 3806 dicebantur)

293 3825 567 3892 maiores
613 3828 679 3891 et
722 3827 993 3894 minores
1039 3829 1523 3911 imponebantur
1567 3831 1845 3896 solvendi
1893 3849 1930 3895 a
1966 3831 2350 3912 Regentibus
2417 3830 2736 3894 annuatim
2791 3829 2869 3893 ad
2926 3846 3200 3893 massam

304 3947 701 3995 communem
750 3930 1197 4013 capitularem3
1248 3951 1405 4016 quae
1443 3933 1759 4014 impositio
1808 3951 1919 3998 seu
1954 3934 2187 3998 taxatio
2225 3931 2567 4014 variabiliS,
2619 3950 2912 3996 successu
2956 3932 3199 4016 tempo-

294 4035 387 4098 ris
436 4034 740 4118 abrogata
788 4035 903 4113 est,
956 4036 1019 4100 et
1061 4056 1173 4118 pro
1223 4057 1295 4101 ea
1342 4037 1719 4101 constitutus
1766 4055 1992 4102 census
2038 4035 2475 4112 immutabiliS,
2527 4033 2740 4099 Sancti
2788 4034 3044 4100 Martini
3088 4053 3194 4100 vo·

296 4137 499 4220 catus,
545 4137 959 4204 tolerabiliter
1006 4139 1227 4220 primo,
1278 4157 1463 4221 quem
1510 4139 1586 4203 ad
1634 4158 1945 4222 praesens·
1982 4139 2231 4222 singula
2279 4138 2724 4219 praestimonia
2773 4139 3070 4220 pendunt.
3121 4138 3205 4202 Et

296 4240 604 4324 quidquid
650 4241 725 4306 dc
769 4241 879 4306 illo
929 4242 1238 4324 primaevo
1284 4261 1473 4308 censu
1522 4241 1773 4306 Statuta
1819 4241 2068 4326 (XLIX,
2123 4239 2381 4307 CXLIX
2427 4244 2488 4307 et
2520 4240 2858 4324 CLXXVI)
2908 4241 3202 4325 disposu-

298 4344 504 4421 erunt,
574 4345 739 4410 idem
790 4347 865 4410 de
913 4347 1033 4412 isto
1098 4347 1444 4429 posteriore
1506 4345 1986 4430 intelligendum
2053 4347 2181 4410 est:
2251 4345 2547 4410 nimirum
2595 4347 2650 4410 si
2695 4345 2835 4428 quis
2904 4364 3046 4410 eum
3093 4363 3202 4428 pro

296 4449 463 4514 festo
514 4447 732 4514 Sancti
774 4449 1031 4515 Martini
1082 4469 1201 4514 non
1244 4450 1521 4526 solverit,
1574 4449 1801 4532 privari
1848 4450 2034 4513 debet
2079 4449 2540 4526 refectionibus,
2592 4450 2790 4514 donec
2835 4447 3198 4514 satisfaciat.

299 4552 475 4618 Talis
523 4553 729 4618 autem
778 4554 1131 4618 immutatio
1198 4572 1318 4635 quo
1366 4556 1645 4634 tempore
1690 4552 1856 4617 facta
1902 4551 2005 4629 sit,
2074 4571 2192 4616 non
2241 4553 2548 4634 reperitur
2593 4553 2656 4616 in
2704 4553 2864 4618 libro
2915 4550 3198 4617 Statuto-

296 4675 459 4735 rum,
512 4655 624 4721 sed
669 4656 839 4721 extra
883 4657 1142 4723 dubium
1188 4659 1493 4740 reperitur
1536 4658 1601 4721 in
1649 4657 1823 4722 Actis
1873 4656 2339 4738 capitularibus

514 4864 618 4930 De
666 4865 1327 4930 constitutione
1374 4865 1995 4930 Procuratoris
2043 4881 2184 4928 seu
2236 4863 2893 4945 Plenipotentis
2942 4861 3197 4946 (Statut.

300 4969 493 5049 LVI),
545 4968 832 5051 obligans
879 4967 1222 5051 quemlibet
1268 4987 1340 5032 ex
1388 4965 1878 5050 CapitularibuS,
1948 4969 2027 5044 ut,
2067 4969 2125 5030 in
2177 4967 2460 5032 absentia
2504 4986 2616 5032 sua
2684 4967 2917 5032 habeat
2961 4967 3022 5031 in
3074 4964 3200 5030 Ca·

301 5073 502 5155 pitulo
550 5070 1027 5138 Procuratorem
1075 5069 1492 5152 Constantem,
1563 5073 1668 5156 qui
1712 5073 1899 5137 villae
1946 5074 2079 5135 eius
2131 5070 2657 5153 praestimonialis
2707 5071 2770 5135 et
2816 5071 3040 5136 domus
3088 5088 3199 5135 cu·

299 5194 437 5241 ram
482 5173 729 5254 habeat,
780 5177 843 5240 et
887 5175 966 5240 ad
1016 5194 1203 5258 quem
1248 5177 1627 5258 gubernator
1669 5175 1874 5253 villae,
1946 5177 2101 5242 alias
2153 5179 2569 5258 Ροαειανοέσέ,
2641 5179 2704 5240 et
2749 5175 3200 5258 paterfamilias

300 5278 587 5362 lapideae
624 5279 689 5343 in
728 5279 1119 5359 occurentiis,
1171 5280 1415 5364 quoties
1453 5279 1697 5348 occasio
1736 5279 1995 5359 venerit,
2046 5297 2367 5344 recursum
2403 5278 2659 5344 faciant.
2711 5276 2838 5345 Sed
2877 5279 3044 5344 ultra
3080 5278 3200 5343 hoc
