4055 6364
1434 836 1521 846 -
1636 791 1995 866 295—

256 993 491 1076 pietate
538 998 954 1078 praestanteS,
1006 996 1337 1075 eligantur,
1392 997 1694 1061 electione
1739 1014 1950 1060 eorum
2000 997 2080 1060 ad
2128 996 2460 1062 decursum
2505 997 2688 1062 unius
2738 999 2879 1061 anni
2929 998 3154 1063 valitu-

253 1114 345 1173 ra,
396 1097 473 1162 ad
523 1117 704 1182 quos,
755 1101 855 1164 vel
900 1119 1113 1164 eorum
1162 1100 1553 1175 alterutrum,
1608 1099 1848 1164 deferat
1893 1098 2159 1181 quilibet
2203 1098 2681 1181 capitularium,
2749 1103 2802 1164 si
2849 1085 3156 1184 quidde—

253 1199 425 1264 vinm
473 1201 550 1265 de
593 1203 724 1267 vita
787 1207 851 1267 et
895 1204 1171 1269 moribus
1237 1202 1580 1268 Confratris
1640 1202 1926 1278 alicuine,
1998 1206 2168 1266 certa
2215 1203 2494 1279 scientia,
2561 1206 2672 1268 aut
2740 1221 2814 1270 ex
2859 1204 3159 1270 relatione

254 1303 613 1388 authorum,
682 1325 841 1390 quos
887 1309 1209 1372 nominare
1270 1307 1407 1372 tuto
1455 1306 1678 1389 possit,
1748 1305 2009 1381 noverit,
2079 1307 2283 1370 toturn
2344 1304 2622 1384 deferat3
2688 1306 2786 1372 illi
2832 1325 2995 1384 vero,
3060 1309 3162 1373 vel

252 1406 571 1475 alteruter·
604 1427 821 1475 eorum
867 1411 1085 1476 nactus
1134 1410 1643 1493 oportunitatem,
1700 1408 1918 1475 eadem
1963 1407 2087 1472 fide
2133 1427 2258 1492 qua
2303 1409 2562 1493 accepit,
2615 1411 2680 1474 et
2724 1410 2967 1474 servata
3012 1410 3158 1476 cha-

254 1509 460 1578 ritatis
502 1512 855 1598 {suavitatffl
924 1513 1135 1578 omnia
1195 1531 1351 1596 quae
1399 1511 1670 1586 audivit,
1738 1511 1968 1575 referat
2009 1511 2353 1594 inculpato,
2425 1513 2532 1596 qui
2577 1513 2631 1576 si
2682 1513 2968 1577 conscius
3013 1513 3158 1579 facti

253 1613 467 1694 fuerit,
518 1634 644 1680 non
689 1617 943 1682 debebit
987 1617 1143 1682 illud
1188 1619 1249 1680 in
1298 1616 1596 1682 maiorem
1645 1615 1742 1680 sui
1788 1614 2126 1698 perniciem
2171 1633 2422 1699 negare,
2473 1616 2586 1682 sed
2621 1616 2943 1682 humiliter
2978 1615 3162 1682 fateri

255 1719 321 1782 et
366 1721 812 1785 correctionem
878 1720 1217 1786 fraternam
1283 1720 1575 1786 Censoris
1624 1722 1803 1802 grato
1851 1720 2058 1785 animo
2105 1720 2186 1784 ad
2231 1720 2732 1786 emendationem
2801 1719 3158 1803 susciper03

257 1820 311 1883 si
360 1823 571 1886 autem
632 1823 996 1888 innocenter
1058 1823 1449 1888 diffamatum
1498 1842 1567 1888 se
1615 1823 1903 1900 senserit,
1974 1823 2216 1888 curabit
2281 1824 2635 1890 omnimode
2698 1823 2924 1889 falsam
2972 1824 3048 1887 de
3095 1843 3162 1888 se

257 1923 620 2007 opinionem
668 1926 994 1991 contrariis
1043 1926 1223 1991 bonis
1272 1926 1621 1992 actionibus
1666 1945 1742 1991 ex
1778 1926 2002 1990 animis
2051 1945 2302 1990 suorum
2342 1928 2768 1992 traductorum
2809 1927 3159 1992 eliminare:

256 2025 489 2108 quodsi
534 2027 599 2092 id
643 2031 928 2111 pertinax
980 2029 1185 2094 facere
1233 2029 1596 2113 neglexerit,
1668 2032 1892 2096 extunc
1965 2028 2204 2096 Censor
2250 2048 2388 2096 eum
2439 2032 2781 2096 admonens
2843 2030 3165 2097 adhibebit

256 2130 530 2196 alterum
579 2129 903 2216 Collegam
951 2151 1157 2210 suum,
1212 2133 1275 2198 et
1318 2135 1580 2216 uterque
1628 2152 1768 2198 eum
1816 2134 2259 2199 admonebunt.
2329 2135 2395 2200 Si
2438 2152 2584 2199 vero
2633 2153 2746 2198 nec
2791 2133 3003 2198 taliter
3047 2134 3162 2199 ad-

256 2233 537 2297 monitus
600 2235 950 2318 resipuerit,
1020 2255 1161 2300 eum
1209 2234 1514 2301 Censores
1577 2237 1658 2301 ad
1705 2236 2061 2319 Capitulum
2127 2240 2416 2321 generale
2462 2237 2812 2321 proximum
2860 2237 3160 2315 deferent,

256 2335 480 2418 poenis
528 2339 817 2422 congruis
863 2339 1268 2421 puniendum.
1316 2340 1438 2405 Sed
1484 2359 1597 2406 nec
1634 2342 1752 2423 ipsi
1801 2341 2062 2422 praefati
2101 2341 2406 2406 Censores
2453 2341 2693 2422 excepti
2739 2340 3160 2418 declarantur,

261 2440 419 2523 quin
467 2441 575 2506 ubi
621 2460 779 2524 opus
830 2443 933 2520 sit,
984 2442 1145 2508 alter
1188 2445 1268 2510 ab
1316 2445 1537 2522 altero,
1590 2444 1805 2510 ordine
1852 2445 2274 2526 suprascripto
2323 2445 2689 2526 corrigatur.

471 2645 609 2712 Nec
668 2667 791 2712 non
839 2648 1105 2713 Statutis
1153 2647 1399 2725 CLXII,
1452 2647 1631 2722 CXC,
1681 2646 1976 2714 CCXVII
2021 2651 2086 2714 et
2131 2649 2406 2728 CCXIX,
2457 2651 2668 2715 extant
2713 2653 2980 2732 quatuor
3023 2649 3163 2715 Sta-

257 2750 401 2814 tuta
446 2750 543 2814 de
589 2752 1235 2835 approbatione
1282 2752 1945 2835 Privilegiorum
2000 2772 2260 2834 super
2303 2753 2858 2831 Advocatiis,
2927 2753 3164 2820 Scul-

258 2852 519 2917 tetiis
584 2857 659 2918 et
719 2854 792 2919 id
854 2873 1123 2938 genus
1188 2856 1402 2921 aliis
1467 2856 1955 2933 donativiS,
2019 2855 2435 2940 disponentia,
2486 2851 2910 2920 ut'eiusmo‘li
2959 2856 3162 2921 Privi-

258 2955 430 3042 legia
492 2973 617 3022 non
662 2960 783 3022 nisi
846 2959 912 3022 in
968 2957 1276 3040 Capitulis
1340 2959 1735 3042 generalibus
1800 2960 2243 3041 approbentur,
2311 2978 2426 3025 nec
2472 2959 2682 3042 plures
2757 2979 2944 3043 quam
3011 2961 3166 3025 duas

258 3059 689 3126 advitalitates
736 3063 1121 3138 contineant,
1191 3063 1585 3145 habeantque
1632 3065 1691 3125 in
1742 3081 1831 3140 se,
1899 3081 2023 3127 non
2070 3062 2465 3146 generalibus
2529 3063 2850 3138 clausulis,
2905 3064 3016 3129 sed
3065 3065 3162 3128 di-

261 3161 493 3230 stincte
533 3166 599 3230 et
632 3164 919 3247 specifice
958 3166 1363 3249 descriptum,
1415 3171 1567 3249 quot
1618 3165 1805 3245 lanei,
1856 3172 2009 3249 quot
2057 3165 2450 3241 Cmelhoues,
2498 3186 2654 3250 quae
2709 3171 2908 3251 prata,
2960 3169 3154 3234 silvae

261 3268 329 3332 et
373 3270 753 3345 molendina,
804 3270 885 3334 ad
930 3288 1433 3352 unamquamque
1499 3269 1853 3335 donativum
1920 3290 2035 3353 per
2079 3270 2589 3336 Illustrissimum
2636 3271 2972 3336 Dominum
3017 3272 3170 3337 Loci

262 3370 667 3437 ordinarium
736 3392 1035 3438 concessa
1086 3374 1461 3455 pertineant,
1529 3373 1716 3455 idque
1782 3374 2111 3438 Revisores
2176 3372 2445 3457 Capituli
2509 3375 2572 3438 in
2619 3375 2757 3440 loco
2827 3375 2949 3439 loci
2994 3394 3169 3441 reco-

260 3478 598 3559 gnoscant,
651 3481 715 3542 et
753 3480 827 3543 de
867 3477 1157 3543 omnibus
1205 3478 1497 3542 distincte
1546 3477 1903 3559 Capitulum
1948 3478 2306 3543 informent.
2359 3478 2518 3541 Etsi
2560 3478 2941 3543 Donatarius
2980 3478 3170 3544 fuerit

262 3578 537 3657 Nobilis,
586 3579 777 3645 faciat
821 3583 964 3646 ante
1012 3582 1544 3665 approbationem,
1597 3582 1674 3645 ad
1714 3580 1871 3645 Acta
1905 3577 2268 3645 Castrensia
2315 3578 2753 3647 Cracovieusia
2798 3581 3166 3647 submissio·

261 3702 433 3761 nem,
502 3684 669 3766 quod
714 3686 946 3749 intuitu
1012 3685 1316 3750 bonorum
1366 3684 1695 3749 donativae
1744 3684 2036 3749 obtentae
2081 3683 2496 3749 iurisdictioni
2551 3684 2968 3749 Illustrissimi
3015 3680 3166 3766 Epi-

262 3786 445 3871 scopi
490 3789 556 3853 et
596 3787 991 3854 Venerabilis
1039 3785 1313 3871 Capituli
1358 3788 1624 3869 parebit.
1673 3787 1759 3851 Et
1798 3786 2070 3852 finaliter
2113 3787 2281 3851 iuxta
2325 3786 2644 3853 Statutum
2675 3786 3009 3865 CCXXVI,
3054 3805 3165 3869 pro

262 3892 722 3974 approbatione
766 3893 1001 3957 certam
1049 3894 1303 3973 quotam
1348 3909 1461 3973 per
1498 3889 1857 3972 Capitulum
1896 3889 2429 3956 determinandam
2477 3890 2677 3972 (salvo
2716 3891 2902 3955 solito
2940 3890 3168 3955 salario

260 3993 545 4079 Notarii)
594 3996 674 4060 ad
723 4013 943 4060 manus
994 3994 1423 4059 Procuratoris
1470 3991 1743 4075 Capituli
1789 3994 2013 4059 solvat.

480 4203 583 4268 De
664 4201 1288 4268 consolatione
1373 4200 1456 4266 in
1527 4200 1923 4284 generali
2002 4198 2412 4282 Capitulo
2494 4200 2696 4281 post
2767 4200 3169 4265 rationes

264 4304 319 4370 C
339 4325 379 4371 a
399 4326 438 4389 p
457 4306 480 4369 i
499 4308 527 4370 t
546 4305 627 4370 ul
648 4324 685 4370 a
702 4305 769 4369 ri
788 4306 829 4370 b
850 4324 889 4369 u
912 4322 942 4368 s
1006 4304 1081 4369 fa
1106 4322 1141 4369 c
1160 4304 1178 4368 i
1200 4323 1234 4369 e
1255 4322 1295 4367 n
1317 4304 1357 4368 d
1378 4322 1414 4367 a
1486 4302 1748 4387 (Stat-ut.
1796 4300 2007 4385 CLV).
2072 4303 2210 4368 Hoc
2257 4302 2572 4368 Statutum
2617 4302 2988 4386 praescribit
3029 4322 3169 4385 per-

262 4411 461 4495 petuo
508 4409 988 4488 observandum,
1053 4427 1130 4473 ne
1177 4405 1679 4472 Calculatoribus
1725 4410 1868 4489 post
1910 4406 2187 4471 rationes
2230 4407 2430 4471 factas
2476 4406 2675 4471 maior
2719 4406 3172 4488 quinquaginta

264 4513 648 4579 florenorum
696 4512 1043 4579 consolatio
1092 4512 1293 4577 detur.

479 4720 585 4786 De
633 4708 1058 4788 Censibus
1112 4717 1957 4801 reemptioualibus,
2018 4718 2247 4783 alias
2305 4717 2393 4784 de
2439 4718 2678 4783 modo
2738 4736 2900 4801 quo
2964 4735 3170 4782 sum-

266 4844 450 4893 mae
516 4824 956 4908 capitales
1039 4824 1111 4890 in
1176 4841 1520 4889 censum
1583 4821 2009 4897 locandae
2074 4821 2256 4887 sint
2335 4821 2600 4905 (Statut.
2661 4818 2908 4902 CLlX),
2983 4819 3170 4885 nimi-

266 4946 413 4993 rum
460 4946 586 4992 non
649 4945 763 5010 per
806 4928 1078 5009 privatas
1142 4926 1664 5012 cointelligentias
1723 4924 1907 4991 unius
1954 4926 2019 4990 et
2065 4925 2324 4991 alterius
2372 4923 2742 5002 Confratris,
2813 4924 2980 5007 apud
3027 4942 3171 5007 per·

268 5048 463 5097 sonas
499 5047 721 5113 pamm
757 5030 951 5109 tutas,
984 5048 1101 5095 nec
1138 5030 1388 5095 omnino
1435 5028 1669 5095 munda
1704 5028 1768 5091 et
1800 5028 2001 5094 libera
2037 5029 2204 5094 bona
2237 5028 2564 5102 babentes,
2601 5027 2712 5091 sed
2750 5027 2828 5093 de
2865 5045 3174 5091 consensu

270 5131 553 5199 unanimi
618 5132 896 5197 omnium
960 5134 1110 5197 tunc
1170 5133 1233 5197 in
1281 5129 1575 5216 Capitulo
1618 5131 2066 5217 praesentium,
2137 5133 2226 5196 ita
2272 5133 2344 5195 ut
2384 5131 2486 5197 vel
2529 5148 2654 5195 uno
2719 5128 3172 5213 Capitularium

270 5237 803 5315 contraveniente,
873 5234 953 5303 ad
997 5234 1369 5304 locationem
1418 5252 1700 5300 summae
1746 5254 1871 5301 non
1918 5233 2322 5318 procedatur:
2389 5234 2666 5315 alioquin
2711 5234 2763 5297 si
2812 5250 3172 5314 processum
