4055 6364
1418 766 1977 843 —187-

243 976 362 1050 dis
415 975 728 1052 debebit.
797 976 886 1050 In
939 985 1196 1052 eventu
1221 1007 1228 1014 ·
1251 999 1426 1052 vero
1481 999 1622 1050 non
1678 977 2282 1073 praesentationis
2352 978 2543 1059 infra
2595 986 2879 1078 tempus
2949 1005 3162 1080 prae·

238 1099 485 1192 fixum,
549 1107 672 1173 aut
723 1098 816 1172 de
867 1099 1259 1174 reiectione
1323 1099 1880 1193 certificationis,
1937 1101 2108 1175 talis
2162 1101 2465 1198 quilibet
2516 1101 2987 1180 Dominorum
3042 1128 3158 1180 as-

241 1244 466 1296 censu
539 1219 630 1294 ad
687 1219 955 1294 Villam
1030 1223 1685 1318 praestimonialem
1741 1229 1813 1296 et
1865 1221 2177 1298 Domum
2252 1224 2741 1298 canonicalem
2818 1232 3157 1322 tanquam

239 1342 588 1417 inhabilis
639 1342 840 1417 iuxta
893 1339 1180 1418 Statuta
1233 1343 1658 1440 capitularia
1712 1343 2115 1438 habebitur,
2170 1352 2243 1418 et
2289 1344 2588 1441 insuper
2640 1345 3158 1423 refectionibus

238 1487 374 1562 pro
429 1487 517 1538 eo
571 1473 890 1562 tempore
920 1521 938 1558 ‚
1015 1487 1158 1560 quo
1213 1464 1586 1539 Vicarium
1640 1464 1874 1560 lapsis
1930 1465 2299 1539 mensibus
2370 1467 2601 1541 tribus
2671 1490 2811 1542 non
2869 1468 3153 1562 foverit,

242 1587 661 1683 privabitur.
721 1585 1217 1661 Extendentes
1254 1610 1540 1684 quoque
1595 1609 1947 1683 praesens
2002 1588 2393 1662 Decretum
2450 1589 2542 1661 ad
2592 1611 2721 1664 eos
2775 1589 3153 1684 Dominos‚

241 1710 364 1805 qui
401 1719 475 1783 et
499 1720 668 1786 tunc
686 1710 1026 1786 Vicarios
1064 1733 1202 1782 non
1235 1709 1522 1801 habent,
1555 1717 1628 1782 et
1665 1708 1786 1804 qui
1820 1709 2024 1804 ipsos
2055 1717 2221 1806 post
2250 1711 2735 1806 provisionem
2756 1709 3002 1786 Villae
3030 1723 3155 1788 aut

241 1831 524 1905 Domus
559 1831 936 1923 dimittunt,
989 1839 1060 1906 et
1093 1853 1386 1906 causam
1429 1830 1580 1904 illis
1627 1829 2008 1904 deserendi
2038 1829 2401 1906 Vicariam
2452 1833 2832 1929 p1·aebent;
2880 1842 2952 1907 ct
2987 1835 3155 1930 quia

239 1954 364 2048 qui
402 1976 584 2028 onus
621 1955 860 2046 sentit,
917 1954 1131 2027 debet
1169 1953 1380 2026 etiam
1421 1953 1689 2026 sentire
1743 1959 1815 2024 et
1868 1952 2339 2044 commodum,
2394 1953 2563 2026 ideo
2600 1957 2971 2030 memorati
3008 1955 3155 2030 Re-

237 2073 540 2149 verendi
591 2076 887 2150 Domini
939 2076 1329 2149 Decretum
1385 2072 1598 2146 Anno
1671 2068 1910 2165 1603,
1973 2072 2092 2146 die
2154 2072 2246 2148 10
2304 2071 2649 2153 Octobris
2699 2077 2773 2150 in
2829 2079 3160 2171 generali

239 2195 614 2292 capitulo,
691 2195 782 2271 de
837 2194 1125 2271 Salario
1198 2196 1493 2290 triginta
1563 2216 1960 2269 marcarum
2037 2218 2168 2291 per
2238 2196 2628 2290 quemlibet
2682 2197 3157 2273 Dominorum

235 2341 372 2393 suo
411 2318 712 2394 Vicario
767 2319 1141 2412 solvendo,
1196 2319 1346 2393 illis
1399 2316 1848 2415 praesertim,
1908 2317 2031 2411 qui
2085 2338 2175 2390 ex
2227 2318 2453 2392 fundo
2506 2341 2641 2394 suo
2695 2321 3153 2417 provisiones

235 2464 382 2516 non
435 2441 738 2532 habent,
811 2449 958 2516 tum
1035 2441 1123 2516 de
1193 2440 1728 2515 denuntiatione
1781 2447 1855 2512 et
1908 2438 2341 2512 abductione
2403 2438 2859 2516 Vicariorum
2912 2443 3155 2537 latum,

233 2564 308 2637 in
368 2585 503 2637 suo
557 2565 816 2638 robore
891 2569 1504 2637 conservaverunt
1554 2569 1627 2634 et
1681 2561 2109 2635 authoritate
2183 2562 2589 2658 praesentis
2656 2561 2975 2660 Capituli
3027 2589 3155 2661 ap-

235 2685 654 2782 probarunt.
745 2663 1133 2759 Praeterea
1187 2691 1586 2758 statuerunt
1661 2681 2073 2757 Reverendi
2127 2683 2461 2756 Domini:
2522 2691 2599 2759 ut
2649 2684 2725 2758 in
2781 2692 3152 2782 posterum

235 2807 506 2881 dictum
563 2804 972 2900 Collegium
1027 2804 1486 2880 Vicariorum
1554 2805 1821 2879 nemini
1875 2828 1967 2878 ex
2021 2801 2529 2880 Confratribus
2584 2807 2739 2882 suis
2790 2806 3156 2882 licentiam

235 2939 310 3002 et
360 2929 778 3002 facultatem
845 2928 1218 3002 absentiae
1272 2951 1318 3000 a
1371 2951 1504 3002 sua
1555 2927 1854 3002 Vicaria
1911 2933 1981 3000 et
2034 2925 2377 3001 Ecclesia
2428 2927 2520 3000 ad
2575 2950 2837 3002 annum
2894 2952 3151 3004 conce-

235 3051 386 3145 dat,
447 3048 576 3123 sed
632 3050 886 3124 saltem
941 3048 1032 3124 ad
1087 3049 1485 3144 trimestre,
1559 3049 1776 3146 idque
1833 3071 1924 3123 ex
1975 3048 2267 3122 licentia
2320 3047 2504 3123 Loci
2560 3047 2949 3144 Ordinarii,
3006 3075 3154 3127 non

233 3181 478 3248 autem
533 3171 848 3267 Collegii
900 3171 1354 3247 Vicariorum
1379 3228 1396 3263 ,
1471 3171 1880 3270 fundusque
1947 3195 2079 3246 seu
2132 3179 2527 3269 proventus
2582 3195 2673 3246 ex
2729 3173 2837 3247 eis
2893 3198 3153 3271 prove-

232 3296 558 3389 nientes,
614 3319 702 3369 ac
758 3317 1034 3393 poenas
1087 3295 1490 3369 absentium
1547 3293 2001 3370 Vicariorum
2027 3350 2044 3385 ,
2122 3316 2265 3369 non
2318 3294 2394 3367 in
2450 3318 2655 3369 suum
2711 3318 2915 3372 usum
2940 3354 2958 3387 ,
3018 3298 3150 3373 sed

231 3419 438 3493 iuxta
494 3415 1038 3492 Ordinationem
1091 3417 1574 3491 Illustrissimi
1615 3426 1688 3491 et
1721 3415 2344 3490 Reverendissimi
2397 3416 2568 3491 olim
2608 3413 2917 3512 Georgii
2972 3417 3149 3495 Car-

233 3540 505 3615 dinalis
575 3538 964 3613 Radziwili
1032 3538 1386 3637 Episcopi
1460 3536 1970 3614 Cracoviensis
2022 3538 2097 3611 in
2152 3537 2588 3613 Visitatione
2662 3560 2908 3614 corum
2978 3564 3146 3616 con-

233 3664 582 3755 stitutum,
641 3669 1033 3735 convertat.
1093 3660 1305 3750 Quod
1337 3658 1691 3735 Statutum
1748 3660 1904 3734 sine
1961 3660 2218 3756 quavis
2254 3656 2721 3750 relaxatione,
2779 3664 2913 3737 sub
2957 3663 3147 3738 iura·

231 3785 498 3860 mentis
553 3786 748 3859 circa
799 3784 1281 3881 receptionem
1335 3784 1734 3880 praestitis,
1807 3781 2027 3855 iidem
2080 3781 2493 3857 Reverendi
2544 3783 2839 3857 Domini
2892 3808 3145 3882 perpe-

229 3918 357 3983 tuo
414 3918 488 3981 et
537 3907 612 3980 in
649 3929 906 3980 aevum
942 3906 1472 3981 observandum
1528 3913 1598 3978 et
1634 3903 2235 3978 manutenendum
2272 3926 2458 3997 esse,
2518 3926 2683 3979 sese
2718 3914 2961 3980 mutuo
3018 3906 3143 3982 ob-

233 4030 680 4104 strinxerunt
735 4028 870 4102 sub
925 4027 1444 4125 approbatione
1514 4025 2014 4101 Illustrissimi·
2058 4033 2129 4099 et
2179 4025 2798 4102 Reverendissimi
2850 4028 3144 4103 Domini

231 4151 420 4227 Loci
477 4148 869 4226 Ordinarii.

1451 4424 1924 4527 CCXXIX.

231 4640 338 4721 ne
397 4635 832 4737 pecoribus,
909 4633 1348 4735 pecudibus,
1421 4634 1867 4735 supellectili
1941 4634 2364 4717 domestica
2436 4634 2505 4716 in
2582 4636 3139 4736 praestimoniis

229 4778 328 4841 ac
426 4757 769 4841 Domibus
859 4756 1414 4840 canonicalibus
1495 4756 1993 4961 Ἑίηὲιὲῧηᾱα.
2084 4757 2290 4838 Anno
2372 4757 2559 4839 1614.
2652 4759 2780 4839 Die
2870 4759 3140 4843 Martis

445 5088 853 5166 Reverendi
915 5089 1207 5163 Domini
1281 5089 1355 5162 in
1426 5088 1565 5164 hoc
1619 5088 1957 5189 Capitulo
2027 5091 2354 5184 generali
2426 5090 2847 5185 congregati
2919 5091 3133 5187 plane

229 5222 677 5309 compertum
710 5213 1088 5306 habentes,
1145 5218 1452 5309 quantae
1489 5213 2012 5287 desertationes
2067 5220 2191 5288 aut
2240 5212 2485 5307 qualia
2521 5211 2780 5286 damna
2812 5213 2888 5285 in
2925 5236 3131 5309 prae-

226 5337 377 5411 diis
415 5333 769 5410 Villarum
825 5334 1516 5432 praestimonialium
1571 5343 1643 5408 et
1695 5334 2055 5410 Domibus
2110 5334 2671 5429 canonicalibus,
2730 5334 2923 5409 circa
2979 5358 3127 5410 mu-
