4055 6364
2109 764 2670 841 -152-

942 988 1124 1054 state
1180 980 1442 1071 serius,
1502 1000 1709 1073 quam
1766 975 2119 1051 anteactis
2154 976 2618 1071 temporibus,
2683 975 2846 1050 dum
2885 974 3430 1051 Vindemiarum
3487 973 3852 1051 Statutum

938 1102 1013 1174 in
1066 1100 1407 1173 Ecclesia
1462 1098 1931 1171 cracoviensi
1984 1098 2698 1194 promulgatum-est,
2757 1122 3037 1173 messes
3086 1107 3156 1173 et
3193 1097 3624 1173 Vindemiae
3677 1124 3850 1173 eve-

938 1224 1179 1315 niunt,
1236 1222 1337 1295 ita
1392 1229 1469 1295 ut
1524 1220 1645 1291 vix
1698 1226 2000 1315 possent
2052 1218 2123 1289 in
2178 1218 2319 1292 ista
2385 1219 2728 1314 temporis
2783 1222 3120 1313 angustia
3191 1232 3675 1295 maturescere
3729 1244 3850 1294 se-

938 1351 1166 1435 getes,
1224 1340 1445 1414 multo
1502 1339 1736 1412 minus
1773 1362 1863 1411 ex
1901 1338 2102 1431 agris
2157 1339 2428 1433 colligi,
2488 1346 2887 1414 statuerunt
2939 1340 3212 1436 itaque:
3271 1350 3348 1415 ut
3397 1364 3528 1437 pro
3564 1341 3854 1416 ratione

942 1466 1242 1539 istorum
1302 1472 1722 1559 temporum,
1782 1483 2063 1534 exnunc
2097 1461 2237 1535 iam
2275 1462 2719 1557 temporibus
2773 1462 3032 1536 futuris
3084 1462 3629 1538 Vindemiarum
3665 1471 3848 1536 tem-

944 1609 1083 1683 pus
1137 1610 1181 1657 a
1234 1581 1612 1676 Vigesima
1666 1582 1785 1656 die
1842 1582 2114 1656 mensis
2182 1582 2365 1657 Julii
2431 1583 2752 1678 quolibet
2805 1606 2993 1657 anno
3045 1585 3384 1682 incipiat,
3439 1592 3511 1658 et
3565 1583 3657 1657 ad
3711 1582 3851 1657 Vi·

936 1708 1285 1802 gesimam
1343 1704 1530 1778 diem
1587 1704 1857 1777 mensis
1920 1700 2368 1800 Septembris
2420 1704 2634 1777 finem
2691 1729 2897 1780 suum
2965 1707 3288 1802 quolibet
3339 1728 3530 1780 anno
3585 1707 3660 1779 in
3713 1728 3847 1800 po-

940 1838 1207 1902 sterum
1262 1826 1548 1916 habeat,
1606 1826 1922 1899 Decrcto
1980 1833 2051 1899 ct
2103 1825 2295 1900 Actu
2351 1828 2718 1923 praesenti
2771 1825 3152 1902 mediante.

2333 1950 2344 1987 i

2148 2137 2627 2239 CLXXIII.

939 2346 1051 2428 ΑεΙ
1107 2347 1372 2428 tutare
1427 2346 1504 2428 S.
1560 2344 1921 2428 stanislai
1978 2347 2293 2446 praeter
2347 2345 2712 2444 vicarios,
2770 2347 3110 2448 aliosque
3167 2348 3382 2430 huius
3439 2345 3844 2429 Ecclesiae

942 2468 1493 2571 presbyteros,
1562 2468 1725 2550 sine
1780 2466 2086 2549 licentia
2162 2468 2784 2552 Reverendissimi
2860 2470 3129 2552 Domini
3187 2470 3255 2551 in
3309 2467 3844 2570 spiritualibus

940 2589 1210 2672 vicarii
1267 2589 1667 2673 celebrare
1724 2609 1865 2672 non
1922 2590 2126 2673 iicet.
2194 2591 2402 2673 Anno
2459 2591 2676 2673 1594.
2743 2591 2871 2674 Die
2927 2592 3271 2674 Mercurii
3321 2591 3405 2687 12
3463 2590 3842 2673 octobris.

1145 2800 1263 2875 Ex
1315 2801 1482 2896 lege
1536 2809 1608 2874 et
1660 2802 2178 2877 consuetudine
2245 2803 2617 2876 observari
2670 2804 2744 2877 in
2801 2804 2967 2878 aliis
3020 2801 3380 2879 Ecclesiis
3435 2805 3841 2882 Oathedra-

934 2924 1129 2998 libus
1184 2931 1624 3019 compertum
1681 2931 1830 3015 est,
1908 2948 2091 3019 quae
2146 2923 2414 2999 habent
2467 2922 2778 3021 aliquem
2835 2926 3226 3001 Patronum
3281 2936 3405 3001 aut
3457 2928 3840 3026 Reliquias

938 3047 1245 3121 alicuius
1300 3044 1585 3138 Sancti,
1644 3054 1723 3119 ut
1773 3068 1917 3119 non
1971 3047 2190 3120 liceat
2241 3048 2512 3143 passim
2571 3050 2824 3144 cuique
2891 3046 3268 3123 Sacerdoti
3319 3049 3594 3127 Missas
3645 3050 3844 3151 apud

936 3170 1219 3244 tumbas
1276 3175 1346 3242 et
1399 3166 1776 3263 Reliquias
1842 3166 2139 3243 Patroni
2211 3170 2329 3244 vel
2386 3169 2680 3247 alterius
2755 3174 3238 3270 cuiuscunque
3314 3170 3604 3269 Sancti,
3681 3176 3844 3250 sine

936 3292 1231 3365 licentia
1269 3287 1731 3386 Superiorum
1776 3291 2166 3366 celebrare.
2224 3292 2306 3366 In
2346 3293 2484 3366 hac
2520 3317 2693 3370 vero
2733 3292 3152 3372 Cathedrali
3189 3296 3526 3372 Ecclesia
3561 3295 3636 3372 S.
3679 3295 3841 3372 Sta-

936 3413 1149 3486 nislai
1184 3412 1533 3508 Episcopi
1570 3418 1642 3485 et
1679 3411 2050 3510 Martyris,
2108 3413 2405 3488 Patroni
2444 3416 2704 3511 Regni,
2761 3417 3142 3514 Reliquiae
3179 3422 3542 3518 repositae
3598 3445 3841 3496 asser-

940 3542 1199 3607 vantur
1252 3534 1326 3606 in
1381 3535 1663 3624 tumba,
1730 3534 1920 3631 apud
1994 3536 2199 3610 cuius
2255 3537 2504 3612 Altare
2576 3540 2984 3636 promiscue
3048 3564 3295 3618 omnes
3350 3545 3844 3640 cuiuscunque

936 3656 1211 3730 ordinis
1258 3663 1330 3729 et
1366 3655 1798 3730 conditionis
1852 3657 2276 3756 Presbyteri
2332 3661 2480 3733 noti
2533 3673 2605 3735 et
2655 3663 2908 3756 ignoti,
2965 3661 3336 3739 domestici
3377 3673 3450 3740 et
3488 3667 3840 3756 advenae,

934 3778 1209 3852 Missas
1264 3777 1503 3853 dicere
1560 3787 1631 3852 et
1684 3786 1976 3853 cantare
2032 3789 2581 3856 consueverunt.
2649 3782 2954 3880 Propter
3005 3785 3246 3882 itaque
3300 3789 3844 3865 venerationem

941 3902 1285 3975 maiorem
1343 3901 1639 3975 Patroni
1694 3897 1940 3974 Sancti
1994 3901 2374 3976 Ecclesiae
2446 3903 2658 3979 huius
2712 3913 2784 3978 et
2833 3905 3114 4000 Regni,
3172 3909 3645 3985 decreverunt
3695 3911 3843 3986 Re-

934 4023 1234 4096 verendi
1297 4023 1592 4096 Domini
1668 4020 2116 4119 Capitulum,
2193 4047 2280 4097 ne
2333 4026 2594 4099 amodo
2665 4029 2932 4101 nemini
3003 4028 3465 4128 Presbytero,
3541 4031 3845 4109 Vicario

938 4151 1009 4217 et
1063 4145 1229 4217 aliis
1290 4144 1509 4218 liceat
1582 4143 1772 4241 apud
1850 4144 2290 4241 praedictam
2362 4147 2673 4221 tumbam
2731 4146 2806 4224 S.
2865 4147 3242 4246 Stanislai,
3317 4153 3474 4227 sine
3544 4154 3846 4229 h'cenfia

936 4264 1551 4340 Reverendissimi
1603 4266 1901 4340 Domini
1954 4267 2307 4364 Episcopi
2362 4266 2874 4345 Cracoviensis
2925 4273 3043 4346 vel
3099 4275 3333 4372 ipsius
3385 4275 3845 4352 Perillustris

934 4387 1009 4460 in
1049 4384 1557 4484 Spiritualibus
1593 4387 1893 4483 Vicarii,
1934 4389 2327 4482 celebrare,
2385 4393 2710 4489 exceptis
2753 4393 3204 4471 Revercndis
3238 4398 3576 4473 Dominis
3613 4399 3840 4473 Prae-

935 4508 1105 4582 latis
1154 4517 1225 4582 et
1263 4508 1654 4584 Canonicis
1707 4509 1920 4584 huius
1974 4508 2441 4587 Cathedralis
2495 4513 2900 4611 Ecclesiae,
2940 4542 3026 4591 ac
3063 4519 3382 4594 Vicariis
3421 4521 3840 4616 eorundem,

937 4631 1197 4725 quibus
1267 4631 1567 4706 interest
1637 4631 1881 4706 debita
1953 4639 2025 4705 et
2089 4643 2435 4708 consueta
2504 4636 2798 4731 publica
2867 4637 3256 4714 Missamm
3329 4641 3570 4716 officia
3643 4643 3842 4741 apud

938 4752 1201 4825 dictum
1256 4752 1508 4826 Altare
1548 4751 1621 4828 S.
1664 4750 2009 4828 Stanislai
2048 4775 2180 4849 pro
2223 4763 2619 4853 temporum
2673 4759 2951 4833 ratione
2989 4769 3062 4835 et
3098 4763 3460 4857 exigentia
3515 4766 3839 4861 explere,

935 4875 1252 4948 Decreto
1307 4877 1673 4972 praesenti
1725 4875 2107 4951 mediante.
