4055 6364
1383 843 1952 920 -241—

425 1046 511 1120 In
567 1047 809 1122 Prima
861 1049 1460 1149 Martyrologium
1534 1077 1819 1151 semper
1870 1054 2155 1146 legatur
2209 1052 2405 1125 clare
2461 1058 2533 1124 et
2585 1051 2926 1125 distincte
2980 1073 3113 1147 per

225 1191 436 1243 unum
491 1193 532 1243 e
583 1167 891 1246 Clericis
929 1174 1567 1270 superpiliciatum,
1625 1198 1765 1247 non
1821 1197 1950 1270 per
1987 1196 2291 1270 pueros;
2348 1172 2532 1246 idem
2591 1171 2682 1245 de
2730 1171 3112 1247 versiculis

223 1286 580 1366 Horarum
633 1291 784 1366 fiat.

429 1413 659 1488 Missa
729 1424 872 1490 tam
948 1414 1038 1489 de
1111 1415 1250 1507 die,
1326 1440 1537 1513 quam
1610 1439 2078 1512 quaecunque
2150 1415 2393 1489 votiva
2446 1421 2659 1510 atque
2714 1415 2925 1488 etiam
2978 1438 3111 1514 pro

223 1530 600 1630 defunctis,
657 1560 751 1611 ex
803 1537 1090 1613 Missali
1141 1539 1471 1612 Romano
1527 1538 1947 1632 celebretur,
2005 1561 2146 1611 non
2204 1562 2296 1611 ex
2328 1537 2572 1632 aliquo
2626 1536 2792 1630 ali0,
2842 1560 3001 1610 cum
3035 1536 3111 1609 id

220 1655 288 1728 in
366 1657 627 1733 virtute
694 1667 986 1734 sanctae
1061 1660 1511 1736 obedientiae
1569 1661 1745 1734 Pius
1798 1658 1891 1734 V.
1945 1661 2394 1734 mandaverit
2446 1667 2518 1732 et
2572 1658 3109 1734 Concilium

222 1776 889 1855 Tridentinum
947 1776 1127 1879 (Sos.
1175 1784 1238 1856 7.
1294 1780 1468 1878 Cap.
1523 1783 1642 1878 13)
1689 1782 2068 1856 anathema
2122 1781 2687 1880 pronuntiaverit
2729 1780 3111 1855 Ecclesiae

222 1896 646 1976 Catholicae
700 1903 882 1977 ritus
937 1903 1479 1998 contemnendo,
1554 1913 1677 1978 aut
1730 1926 1861 2000 pro
1928 1904 2136 1978 libito
2202 1901 2625 1998 omittendo,
2683 1909 2803 1977 aut
2854 1904 2929 1976 in
2986 1927 3109 1976 nc·

218 2043 354 2096 vos
406 2023 595 2098 alios
645 2024 1008 2099 mutand0.

423 2143 674 2220 Verba
725 2147 798 2220 in
852 2146 1129 2222 Missae
1202 2149 1621 2246 praesertim
1695 2147 1934 2222 officio
1987 2147 2363 2220 interiecta
2415 2147 2850 2240 omittantur,
2907 2156 2986 2222 ut
3034 2148 3109 2221 iu

215 2265 477 2364 Kyrie,
533 2265 793 2344 Gloria
846 2271 918 2343 in
973 2272 1288 2345 excelsis
1344 2279 1478 2345 etc.

425 2389 631 2464 Nulli
685 2391 892 2466 detur
948 2391 1361 2466 celebrandi
1416 2391 1725 2465 facultas
1777 2392 1849 2464 in
1889 2391 2229 2465 Ecclesia
2276 2388 2693 2465 Cathedrali
2730 2399 3106 2487 postquam

218 2506 622 2586 Sacerdotii
695 2514 1015 2588 ordinem
1093 2515 1514 2611 susceperit,
1571 2515 1712 2588 nisi
1763 2514 1966 2610 prius
2022 2536 2067 2586 a
2120 2511 2477 2607 Magistro
2544 2510 3108 2588 Cerimoniarum

215 2635 666 2709 examinatus
721 2644 794 2710 et
845 2639 1291 2733 approbatus
1345 2635 1580 2710 fuerit.

424 2757 689 2832 Nullus
740 2759 912 2832 item
969 2755 1330 2832 Sacerdos
1383 2758 1829 2855 peregrinus,
1886 2757 2312 2853 praesertim
2366 2756 2488 2851 qui
2540 2779 2681 2830 non
2722 2757 2815 2830 sit
2870 2767 3104 2852 notus,

215 2879 374 2952 sine
427 2879 659 2953 literis
713 2880 1314 2968 commendatitiis
1361 2881 1474 2954 sui
1521 2877 1888 2954 Ordinarii
1936 2874 2116 2976 (Sos.
2180 2879 2297 2953 23.
2344 2875 2527 2974 Cap.
2586 2878 2717 2970 16)
2772 2878 2866 2952 ad
2920 2880 3109 2954 cele-

215 3000 572 3076 brandum
625 3002 697 3074 in
754 3002 1095 3076 Ecclesia
1148 3001 1564 3078 Cathedrali
1619 3002 2051 3076 admittatur.
2648 2983 2665 3002 ⁶

426 3121 692 3199 Officia
764 3119 1231 3200 Patronorum
1307 3131 1382 3199 ut
1433 3123 1807 3199 Breviario
1865 3131 1936 3197 et
1986 3121 2275 3197 Missali
2328 3121 2655 3197 Romano
2707 3145 3107 3197 accommo-

215 3244 387 3319 data
441 3244 709 3320 Clerici
763 3247 1148 3321 Dioecesis
1201 3255 1492 3322 nostrae
1544 3248 1880 3336 habeant,
1939 3247 2373 3320 curabimus.

425 3366 533 3441 Ut
583 3368 658 3441 in
711 3375 860 3442 tota
899 3370 1241 3443 Dioecesi
1295 3392 1439 3443 una
1490 3369 1673 3442 ratio
1730 3365 1978 3442 Officii
2032 3367 2383 3441 recitandi
2438 3375 2786 3461 servetur,
2844 3366 3105 3442 Calen-

214 3486 496 3563 darium
569 3490 880 3584 singulis
943 3491 1150 3565 annis
1215 3492 1635 3564 conficiatur
1705 3498 1777 3563 et
1839 3512 1973 3586 pro
2037 3489 2226 3562 festo
2280 3486 2354 3563 S.
2414 3488 2797 3565 Michaelis
2852 3491 3109 3563 venale

211 3619 696 3709 proponatur:
757 3636 802 3685 a
858 3635 998 3708 quo
1065 3614 1331 3687 nemini
1403 3612 1742 3687 recedere
1795 3613 2052 3705 liceat,
2124 3612 2265 3684 nisi
2338 3613 2429 3685 ob
2485 3611 2791 3685 alicuius
2864 3610 3110 3686 Sancti

215 3733 572 3829 peculiari
625 3742 696 3808 et
747 3735 1073 3828 legitima
1129 3759 1349 3809 causa
1406 3733 1742 3809 Officium
1799 3734 1916 3807 vel
1971 3734 2737 3807 commemorationem.

426 3851 749 3950 Singulis
820 3857 987 3929 item
1046 3855 1301 3930 diebus
1355 3853 1705 3930 Sabbathi
1756 3856 2012 3930 modus
2068 3863 2139 3928 et
2186 3853 2363 3928 ordo
2418 3854 2640 3928 divini
2697 3854 2941 3930 Officii
2992 3880 3105 3929 re-

212 3976 489 4051 citandi
540 4001 672 4074 per
722 3977 1252 4053 Vicedecanum
1309 3978 1591 4073 plenius
1646 3986 1717 4051 et
1772 3976 2176 4050 distinctius
2232 3975 2697 4067 describatur,
2757 3978 2933 4051 etin
2972 3974 3102 4050 Sa-

209 4100 468 4175 cristia
522 4100 637 4173 vel
693 4100 766 4173 in
822 4100 1044 4174 choro
1098 4098 1567 4196 appendatur.

427 4221 942 4295 Processiones
998 4242 1462 4318 quaecunque
1517 4222 1668 4293 sive
1724 4243 1884 4293 cum
1937 4219 2230 4311 litaniis,
2290 4219 2445 4293 sive
2498 4220 2654 4293 sine
2708 4220 2857 4293 illis
2904 4219 3103 4311 fiant,

209 4369 256 4417 a
313 4344 574 4417 maiori
629 4342 862 4417 Altari
915 4344 1257 4417 inchoare
1313 4342 1612 4435 debent,
1671 4350 1742 4415 et
1796 4342 1888 4414 ad
1943 4344 2176 4415 maius
2230 4341 2481 4415 Altare
2536 4341 2931 4435 terminari,
2990 4366 3103 4416 se-

209 4464 528 4539 cundum
584 4467 1102 4563 praescriptum
1162 4463 1624 4559 Agendorum
1687 4462 2279 4537 provincialium:
2358 4463 2616 4558 quibus
2671 4486 2921 4538 omnes
2976 4461 3105 4537 Sa-

211 4588 554 4661 cerdotes
607 4587 1150 4684 superpiliciati,
1209 4595 1281 4661 et
1332 4586 1517 4659 alias
1574 4607 1705 4682 pro
1759 4586 2035 4659 ratione
2083 4586 2427 4682 temporis
2463 4586 2717 4675 ornati,
2758 4586 3107 4660 interesse

209 4708 486 4785 debent
537 4704 715 4807 (Sos.
775 4710 896 4783 24.
958 4707 1137 4805 Cap.
1192 4708 1298 4808 4).

432 4827 836 4903 Conciones
893 4854 1076 4925 quae
1129 4831 1306 4904 fiunt
1359 4830 1616 4904 diebus
1667 4830 2066 4918 dominicis,
2125 4830 2405 4903 festivis
2448 4838 2519 4903 et
2554 4838 2873 4926 tempore
2910 4828 3105 4919 Qua-

209 4952 696 5046 dragcsimae,
753 4952 845 5025 ab
892 4953 1222 5026 omnibus
1259 4952 1640 5027 Ecclesiae
1693 4960 1985 5025 nostrae
2043 4949 2557 5025 Sacerdotibus
2612 4952 3107 5047 superpilicia-

207 5075 308 5148 tis
361 5074 440 5146 in
498 5073 717 5148 choro
773 5074 1170 5148 audiantur.
1246 5074 1563 5149 Praelati
1618 5082 1690 5147 et
1742 5072 2090 5147 Canonici
2146 5076 2484 5147 absentes
2539 5072 2925 5167 amissione
2982 5097 3107 5170 pa-

208 5220 410 5289 num,
466 5196 848 5270 inferiores
904 5217 1138 5292 poena
1193 5197 1398 5271 unius
1451 5197 1694 5290 grossi
1748 5196 2153 5292 puniantur.

428 5317 628 5390 Infra
700 5316 942 5391 divina
1014 5316 1278 5392 Officia
1333 5318 1572 5391 nullus
1649 5316 2031 5391 Ecclesiae
2101 5324 2391 5391 nostrae
2446 5314 2916 5389 beneficiatus
2988 5322 3111 5388 aut

207 5437 554 5514 Clericus
600 5440 754 5513 sine
791 5446 1108 5533 tonsura,
1166 5448 1288 5514 aut
1344 5439 1828 5535 superpilicio‚
1885 5440 1955 5512 in
1998 5440 2401 5513 Ecclesiam
2438 5438 2907 5533 ingrediatur.
2966 5435 3109 5526 Qui

2697 5554 2779 5621 31
