4055 6364
2066 775 2641 852 -1'74—

898 995 976 1064 ut
1026 985 1441 1086 praedictae
1495 985 1824 1060 Minerae
1876 983 2067 1058 inter
2120 993 2542 1084 praesentes
2578 986 2651 1060 in
2688 985 2829 1058 hoc
2881 985 3209 1080 generali
3264 984 3609 1082 Capitulo
3658 992 3823 1058 tan-

897 1117 1070 1205 tum,
1123 1133 1261 1183 nec
1313 1131 1456 1183 non
1508 1107 1698 1182 inter
1749 1107 1942 1198 illos,
1999 1107 2123 1202 qui
2177 1107 2269 1182 ad
2326 1107 2619 1202 negotia
2670 1105 3053 1182 Ecclesiae
3108 1133 3153 1182 a
3186 1106 3615 1184 Venerabili
3670 1105 3825 1180 Ca-

899 1229 1128 1328 pitulo
1181 1229 1506 1332 deputati
1563 1251 1696 1326 pro
1751 1229 2255 1326 praesentibus
2314 1228 2569 1304 haberi
2624 1229 2930 1320 debent,
3005 1230 3235 1327 primo
3292 1251 3577 1326 quoque
3632 1235 3823 1302 tem-

899 1375 1114 1450 pore,
1171 1375 1314 1448 quo
1369 1350 1664 1427 divendi
1717 1357 1788 1424 et
1841 1349 2141 1425 conflari
2196 1358 2569 1447 poterunt,
2646 1373 2789 1424 non
2844 1361 3223 1448 expectato
3256 1351 3429 1426 -alio
3482 1351 3827 1446 generali

900 1473 1262 1572 Capitulo,
1318 1473 1716 1570 aequaliter
1769 1469 2305 1546 distribuantur.
2368 1471 2525 1546 Nec
2578 1473 2811 1546 audiri
2869 1474 3179 1565 debebit,
3238 1475 3304 1550 si
3338 1475 3501 1572 quis
3539 1497 3631 1547 ex
3667 1473 3821 1547 Re—

900 1595 1240 1671 verendis
1312 1595 1646 1671 Dominis
1697 1593 1978 1669 interim
2054 1594 2477 1670 absentibus
2548 1604 2797 1670 contra
2862 1595 3382 1672 ordinationem
3456 1595 3823 1671 eiusmodi

901 1718 1174 1816 aliquid
1227 1718 1494 1793 inferre
1547 1716 1888 1808 voluerit,
1965 1739 2123 1791 cum
2182 1717 2579 1792 celebratio
2630 1719 2999 1814 generalis
3054 1717 3410 1816 Capituli,
3468 1719 3823 1792 citatione

899 1864 1044 1915 non
1081 1840 1503 1938 praemissa,
1561 1839 1952 1936 quemlibet
1987 1839 2243 1913 merito
2290 1840 2566 1914 afficiat
2601 1841 2801 1915 iuxta
2840 1837 3123 1915 Statuta
3158 1842 3371 1916 huius
3428 1839 3823 1914 Ecclesiae

905 1970 980 2039 et
1032 1962 1427 2059 antiquitus
1481 1962 1939 2036 observatam
1995 1961 2607 2039 consuetudinem.

2220 2275 2504 2373 (CIX.

903 2485 1156 2566 Poena
1208 2483 1484 2565 contra
1539 2500 1702 2580 eos,
1757 2483 1876 2584 qui
1935 2483 2302 2585 Episcopo
2360 2481 2894 2586 pontificaliter
2950 2483 3366 2567 celebranti
3422 2502 3562 2564 non
3614 2485 3821 2566 mini·

903 2604 1327 2690 straverint
1398 2603 1822 2708 secundum]
1879 2605 2231 2688 ordinem.
2306 2607 2511 2688 Anno
2586 2605 2801 2688 1608.
2878 2606 3003 2688 Die
3077 2604 3391 2687 Veneris
3466 2605 3541 2685 16
3618 2605 3818 2688 maii.

1113 2819 1229 2892 De
1283 2839 1516 2914 poena
1570 2838 1812 2892 eorum
1873 2817 2385 2910 Domitiorum,
2444 2819 2565 2913 qui
2622 2842 2751 2914 per
2804 2817 3121 2892 ordinem
3180 2817 3549 2915 Episcopo
3603 2819 3818 2891 mini-

905 2950 1158 3030 strare,
1216 2938 1620 3035 Epistolam
1657 2946 1781 3012 ant
1817 2937 2297 3033 Evangelium
2349 2948 2639 3012 cantaro
2680 2940 3148 3034 neglexerint,
3207 2939 3618 3013 Reverendi
3653 2941 3815 3014 Do-

904 3062 1076 3138 mini
1129 3061 1203 3134 in
1255 3060 1392 3134 hoc
1449 3057 1784 3157 Capitulo
1837 3061 2167 3154 generali
2223 3063 2643 3157 congregati
2700 3063 3173 3150 conferentes,
3232 3063 3589 3136 duxerunt
3642 3086 3819 3137 esse

908 3181 1362 3261 statuendum
1427 3190 1502 3257 et
1564 3189 1963 3257 statuerunt
2033 3182 2379 3283 deinceps
2448 3186 2747 3259 firmiter
2816 3186 3289 3261 servandum:
3361 3194 3441 3261 ut
3512 3186 3823 3281 quilibet

907 3304 1495 3381 Reverendorum
1567 3304 2041 3379 Dominorum
2105 3305 2599 3382 Praelatorum
2654 3316 2727 3383 et
2780 3305 3309 3383 Oanonicorum
3378 3308 3592 3383 huius
3666 3308 3817 3382 Ec·

907 3429 1178 3503 clesiae
1231 3428 1564 3503 residens
1619 3427 2256 3505 Reverendissimo
2304 3431 2617 3505 Domino
2670 3430 3045 3528 Episcopo
3100 3430 3612 3523 Oracoviensi,
3670 3454 3813 3505 suo

908 3551 1270 3645 PraelatO,
1348 3548 1648 3625 Sacrum
1706 3550 1982 3625 Missae
2039 3550 2377 3628 Officium
2434 3554 2526 3627 ad
2583 3556 2813 3628 maius
2868 3553 3119 3628 Altare
3176 3553 3493 3630 eiusdem
3552 3553 3817 3627 Eccle-

821 3656 824 3661 ’
907 3672 1064 3747 siae
1119 3670 1576 3747 Cathedralis
1655 3672 2158 3767 pontificaliter
2208 3677 2283 3749 in
2337 3676 2890 3751 solennitatibus
2964 3666 3208 3750 Festis
3260 3700 3349 3750 ac
3402 3676 3819 3750 Dominicis

906 3794 1324 3887 celebranti,
1383 3818 1512 3891 per
1565 3794 1884 3868 ordinem
1927 3804 1997 3869 ct
2034 3800 2307 3871 senium
2364 3799 2735 3891 ministret,
2794 3799 3197 3895 Epistolam
3256 3808 3329 3871 et
3380 3797 3817 3891 Evagelium

909 3924 1194 4006 cantet,
1249 3916 1342 3989 iis
1399 3924 1632 3989 tamen
1687 3916 2041 3991 Praelatis
2096 3921 2459 4017 exceptis,
2516 3922 2637 4016 qui
2692 3922 3015 4018 praefato
3072 3921 3383 3993 Domino
3441 3920 3819 4019 Episcopo

917 4038 1301 4132 assistent,
1384 4059 1732 4133 suumque
1785 4039 2101 4115 officium
2173 4052 2341 4117 tunc
2413 4044 2753 4139 temporis
2836 4046 3305 4139 exercebunt3
3390 4066 3551 4115 nam
3627 4042 3821 4117 tales

916 4182 1150 4254 neque
1204 4182 1334 4257 per
1389 4182 1510 4252 se,
1579 4183 1807 4255 neque
1864 4186 1994 4257 por
2046 4164 2231 4237 alios
2286 4162 2375 4237 ad
2432 4164 2829 4261 Epistolam
2885 4173 2957 4237 et
3008 4164 3485 4259 Evangelinm
3544 4162 3813 4236 decan-

908 4281 1198 4355 tandum
1274 4290 1482 4355 eruut
1533 4283 1898 4377 adstricti,
1975 4286 2363 4381 quinimmo
2418 4288 2669 4381 vigore
2730 4288 3130 4385 praesentis
3203 4286 3497 4360 Decreti
3551 4286 3643 4358 ab
3703 4286 3819 4359 eis

907 4402 1119 4509 liberi
1173 4409 1245 4477 et
1295 4403 1670 4477 immunes.
1765 4401 1844 4478 Si
1897 4418 2133 4481 autem
2206 4409 2468 4504 aliquis
2541 4434 2631 4483 ex
2688 4410 3042 4483 Praelatis
3117 4433 3253 4481 non
3328 4408 3685 4481 assistens
3740 4417 3821 4481 et

909 4547 1112 4600 suum
1153 4523 1464 4599 officium
1506 4547 1646 4598 non
1683 4551 2055 4621 exercens,
2101 4532 2427 4605 similiter
2464 4554 2555 4603 ex
2592 4530 3000 4618 Canonicis,
3044 4530 3470 4622 ministrare,
3512 4529 3815 4602 dictam-

912 4669 1049 4741 que
1104 4644 1508 4742 Epistolam
1565 4654 1637 4721 et
1689 4648 2193 4745 Evangeliuin,
2252 4653 2407 4725 sine
2459 4653 2648 4727 insto
2688 4663 2757 4727 et
2791 4653 3118 4747 legitimo
3172 4651 3699 4751 impedimento,
3738 4654 3816 4725 in

913 4790 1045 4842 suo
1100 4767 1378 4861 ordine,
1449 4768 1756 4865 locoque
1813 4775 2015 4867 senii,
2076 4784 2364 4851 cantare
2418 4778 2762 4870 noluerit,
2818 4778 2884 4851 is
2936 4780 3148 4853 unius
3201 4778 3644 4875 septimanae
3699 4798 3817 4849 re-

911 4888 1342 4963 fectionibus
1395 4888 1696 4967 Mensae
1737 4897 2111 4993 capitulari
2158 4900 2635 4997 applicandis,
2697 4923 2824 4995 per
2867 4899 3367 4974 Reverendum
3426 4899 3818 4973 Dominum

912 5011 1462 5086 Procuratorem
1517 5016 1984 5113 capitularem
2050 5023 2431 5098 autoritate
2495 5022 2901 5120 praesentis
2956 5023 3251 5097 Decreti
3316 5021 3606 5097 omnino
3678 5021 3819 5097 erit

915 5131 1328 5234 privandus.
