4055 6364
1419 722 1517 735 --
1632 675 1985 755 139—-

1557 952 1850 1058 CLIII.

252 1160 527 1297 lurum
587 1160 971 1244 correctio
1015 1158 1376 1242 fraterna
1418 1160 1826 1244 servanda.
1872 1162 2081 1245 Anno
2119 1163 2388 1246 Domini
2428 1162 2640 1247 1589.
2680 1163 2808 1247 Die
2844 1162 2925 1243 12
2964 1162 3152 1245 Hali.

457 1368 832 1449 Correctio
866 1371 1186 1447 fraterna
1221 1373 1554 1468 quamvis
1589 1373 1922 1448 omnibus
1954 1374 2032 1448 in
2062 1373 2475 1449 universum
2504 1372 2941 1451 Christianis
2985 1373 3155 1469 lege

249 1493 700 1589 Evangelica
751 1494 848 1567 sit
881 1492 1329 1585 demandata,
1387 1494 1543 1569 eius
1594 1501 1832 1570 tamen
1889 1495 2302 1572 observatio
2354 1497 2541 1571 inter
2591 1518 2945 1593 personas
3000 1496 3153 1595 spi-

250 1616 546 1691 rituales
580 1616 728 1693 luci
763 1623 836 1691 et
871 1615 1012 1691 soli
1047 1640 1092 1689 a
1125 1615 1443 1691 Domino
1498 1622 1952 1715 comparatas
2005 1640 2095 1693 eo
2148 1617 2547 1695 studiosius
2598 1621 2977 1696 observari
3028 1620 3153 1695 de-

251 1742 406 1832 bet,
479 1762 622 1835 quo
695 1740 988 1816 arctiori
1059 1739 1432 1817 charitatis
1485 1748 1560 1815 et
1613 1740 1902 1838 pietatis
1975 1762 2164 1817 nexu
2215 1741 2291 1814 in
2346 1764 2561 1817 unam
2635 1742 3154 1821 fraternitatem

249 1862 672 1937 coniunctae
727 1868 914 1937 sunt.
975 1860 1156 1937 Cum
1208 1862 1430 1959 igitur
1479 1864 1556 1937 in
1599 1863 1742 1939 isto
1797 1861 2203 1961 Capitulari
2258 1860 2593 1959 Collegio
2644 1864 2845 1939 illius
2897 1863 3156 1943 modus

245 1984 616 2081 hucusque
688 1992 1048 2080 utcunque
1131 1986 1594 2077 observatus,
1669 2009 1810 2061 non
1884 1994 2032 2061 tam
2105 1984 2576 2061 correctionis
2646 2009 2925 2063 morum
3000 1987 3155 2061 for-

249 2108 516 2182 mulam
569 2113 880 2204 saperet,
939 2130 1151 2204 quam
1187 2107 1673 2203 inquisitionis
1728 2108 2099 2183 cuiusdam
2142 2108 2233 2183 de
2270 2105 2691 2183 Catholicae
2746 2107 3155 2203 Religionis

247 2229 700 2325 integritate,
754 2252 940 2325 quae
995 2252 1186 2303 nunc
1238 2252 1371 2327 per
1421 2230 1840 2326 generalem
1893 2229 2065 2306 fidei
2116 2230 2642 2329 professionem
2697 2230 2893 2307 circa
2944 2230 3150 2308 insti·-

249 2353 594 2428 tutionem
631 2360 703 2426 et
734 2352 1220 2450 receptionem
1267 2351 1359 2426 ad
1397 2353 1698 2427 eandem
1751 2352 2158 2427 Ecclesiam
2214 2352 2433 2427 multo
2489 2352 2935 2428 commodius
2989 2376 3151 2451 per-

247 2474 364 2549 fici
421 2475 648 2549 solet:
719 2473 886 2549 ideo
941 2474 1355 2549 Reverendi
1407 2475 1705 2552 Domini
1763 2472 2223 2573 Capitulares
2277 2475 2369 2548 de
2420 2475 2738 2549 unanimi
2793 2497 3153 2551 consensu

247 2598 502 2693 vigore
555 2596 960 2694 praesentis
1013 2598 1378 2691 generalis
1432 2595 1786 2694 Capituli,
1863 2619 2020 2672 eam
2078 2596 2546 2671 correctionis
2613 2619 2933 2671 normam
2986 2621 3151 2694 per-

246 2727 462 2817 petuo
518 2720 864 2819 deinceps
925 2719 1338 2795 duraturam
1392 2720 1738 2794 innovant
1790 2729 1864 2795 et
1913 2720 2307 2795 reformant
2357 2719 2433 2793 in
2485 2718 2678 2793 hunc
2733 2719 2855 2814 qui
2908 2718 3150 2815 sequi-

247 2852 359 2916 tur
409 2841 724 2917 modum.
807 2839 1133 2937 Singulis
1185 2840 1421 2916 Annis
1471 2842 1546 2915 in
1601 2840 1940 2940 Capitulo
1993 2838 2070 2916 S.
2128 2838 2475 2915 Stanislai
2527 2840 2602 2914 in
2656 2840 2857 2915 Maio
2928 2863 3150 2936 gene-

247 2965 382 3039 rali
418 2964 903 3040 concordibus
957 2964 1324 3057 suffragiis
1376 2946 1848 3040 Dominorum
1906 2961 2429 3061 Capitularium
2487 2962 2749 3038 debent
2784 2963 2957 3056 eligi
3006 2962 3149 3038 duo

247 3111 336 3163 ex
383 3087 668 3181 gremio
723 3085 1045 3161 eiusdem
1100 3084 1419 3184 Capituli
1473 3086 1791 3161 Praelati
1843 3086 1964 3160 vel
2017 3084 2399 3177 Canonici,
2456 3084 2827 3179 doctrina,
2884 3084 3151 3181 pietate

249 3219 320 3286 et
369 3208 756 3308 prudentia
808 3216 1299 3306 praestantes,
1356 3209 1478 3307 qui
1529 3210 1762 3284 vicem
1819 3210 2030 3306 quasi
2082 3207 2484 3284 Censorum
2538 3209 2657 3283 vel
2709 3207 3150 3282 Monitorum

247 3334 534 3408 nomine
589 3332 806 3406 totius
859 3331 1226 3425 generalis
1281 3329 1599 3428 Capituli
1635 3338 1785 3406 toto
1820 3332 1949 3407 illo
1985 3355 2176 3407 anno
2212 3331 2697 3407 sustinebunt.
2753 3328 2934 3405 Cum
2973 3351 3150 3424 ergo

248 3443 634 3550 contigerit
685 3453 1000 3550 aliquem
1056 3476 1148 3528 ex
1199 3453 1582 3529 Fratribus
1635 3453 1727 3528 de
1781 3453 2083 3529 alterius
2134 3454 2419 3529 Fratris
2470 3453 2649 3550 vita,
2705 3453 3026 3528 moribus
3078 3458 3152 3527 et

247 3576 799 3651 conversatione
851 3574 1126 3672 aliquid
1181 3577 1454 3650 sinistri
1507 3599 1976 3672 cognoscere,
2038 3597 2181 3649 non
2218 3599 2309 3650 ex
2344 3575 2492 3650 levi
2547 3582 2618 3649 et
2660 3596 2852 3651 vano
2906 3573 3151 3669 aliquo

245 3721 552 3794 rumore,
611 3698 1022 3796 suspicione
1073 3699 1193 3772 vel
1245 3699 1566 3793 maligna
1619 3698 2139 3773 obtrectatione
2160 3753 2177 3788 ,
2244 3719 2427 3794 quae
2480 3697 2723 3794 potius
2772 3696 2849 3770 iu
2900 3695 3152 3790 lingua

243 3821 726 3896 detractorum
781 3828 852 3896 et
901 3821 975 3894 in
1031 3821 1328 3895 auribus
1381 3821 1868 3918 prurientibus
1922 3820 2163 3895 statim
2218 3828 2330 3895 est
2374 3818 2960 3914 extinguendum,
3016 3815 3150 3895 sed

246 3967 332 4017 ex
385 3943 619 4018 firmis
656 3950 727 4017 et
764 3943 1262 4040 probabilibus
1317 3943 1714 4018 rationibus
1768 3951 1842 4016 et
1885 3943 2363 4036 evidentibus,
2418 3941 2969 4036 testimonioque
3022 3960 3147 4014 au-

245 4065 566 4160 thorum,
625 4088 807 4162 quos
859 4065 1228 4140 nominare
1281 4073 1430 4139 tute
1481 4065 1753 4164 possit,
1808 4064 1987 4140 illud
2045 4072 2268 4142 totum
2323 4064 2517 4161 quod
2569 4063 2879 4154 audivit,
2936 4059 3153 4136 debet

248 4188 458 4262 alteri
511 4209 604 4260 ex
659 4185 1052 4284 praedictis
1125 4185 1486 4284 deputatis
1538 4187 1850 4262 fideliter
1903 4210 2305 4285 exponere,
2380 4186 2504 4282 qui
2553 4185 2875 4260 vicissim
2936 4189 3151 4260 nacta

245 4309 777 4408 opportunitate
841 4316 914 4382 et
963 4317 1256 4384 servata
1327 4309 1672 4385 charitate
1735 4318 1809 4384 et
1861 4311 2256 4404 suavitate,
2334 4303 2585 4384 eadem
2656 4329 2799 4404 qua
2868 4304 3153 4404 accepit

245 4432 411 4524 fide,
465 4429 650 4506 illud
692 4431 930 4528 ipsum
965 4431 1230 4524 Fratri,
1289 4455 1502 4528 quem
1553 4431 1724 4506 talis
1776 4433 1970 4507 fama
2006 4432 2259 4526 tangit,
2297 4432 2619 4508 referret.
2680 4427 2827 4519 Qui
2862 4428 3150 4524 quidem

247 4555 310 4629 si
362 4560 477 4628 est
531 4552 868 4628 conscius
919 4553 1130 4646 facti,
1187 4576 1330 4628 non
1385 4552 1602 4630 debet
1653 4553 1829 4630 illud
1885 4556 1960 4629 in
2013 4555 2358 4630 maiorem
2412 4553 2525 4628 sui
2578 4551 2971 4650 perniciem
3024 4573 3148 4625 ne-

245 4701 444 4772 gare,
503 4675 634 4749 sed
686 4674 1054 4751 humiliter
1107 4676 1356 4770 fateri,
1430 4683 1646 4773 atque
1699 4677 2290 4772 admonitionem,
2345 4675 2864 4752 correctionem
2918 4681 2991 4747 et
3040 4671 3149 4746 in-

249 4800 711 4880 structionem
765 4799 1150 4874 fraternam
1189 4797 1281 4872 ad
1320 4798 1888 4874 emendationem
1941 4807 2153 4894 grato
2206 4801 2447 4876 animo
2502 4797 2877 4897 suscipiat.
2934 4793 3150 4886 Quod

252 4923 312 4998 si
361 4923 785 4998 innocenter
839 4904 1123 4997 delatus
1159 4929 1291 5016 est,
1347 4923 1618 4999 tenebit
1672 4928 1814 4998 tam
1867 4923 2130 4998 falsam
2180 4922 2381 4998 illam
2420 4920 2829 5022 opinionem
2868 4942 2959 4994 ex
2994 4917 3147 4992 ani-

252 5047 384 5120 mis
443 5045 731 5120 illorum
756 5100 776 5136 ,
847 5067 976 5141 per
1031 5065 1214 5140 quos
1285 5045 1692 5122 diffamatus
1749 5054 1897 5142 est,
1971 5045 2399 5143 prudenter,
2477 5051 2685 5118 caute
2738 5049 2811 5116 et
2863 5038 3147 5138 placide

251 5189 606 5242 amovere.
679 5164 762 5241 Si
813 5189 988 5242 vero
1041 5166 1385 5243 Monitori
1434 5170 1732 5244 rebellis
1785 5169 1926 5244 hoc
1978 5170 2221 5242 facere
2286 5165 2800 5262 contempserit
2849 5162 2972 5238 vel
3025 5185 3148 5236 ne·

253 5289 582 5385 glexerit,
639 5288 1013 5364 adhibebit
1065 5291 1190 5365 ille
1244 5291 1542 5366 alterum
1599 5290 1977 5388 Collegam
2032 5315 2261 5383 suum,
2318 5301 2396 5366 ut
2431 5290 2665 5365 denuo
2721 5289 2814 5362 ab
2851 5293 3150 5381 utroque
