4055 6364
2175 740 2693 827 —42—

981 965 1196 1040 nibus
1246 972 1486 1039 tamen
1543 963 1835 1039 casibus
1889 961 2284 1059 praedietis
2336 962 2685 1037 stramina
2740 960 3053 1036 omnium
3110 961 3623 1035 frumentorum
3676 980 3897 1055 prae-

984 1088 1332 1162 dictorum
1387 1084 1824 1184 hyemalium
1883 1082 2223 1160 videlicet
2276 1086 2347 1157 e't
2398 1083 2853 1158 aestivalium
2926 1082 3418 1179 relinquantur
3480 1078 3902 1157 successori

982 1230 1116 1307 pro
1171 1206 1606 1307 pabulandis
1659 1206 2047 1304 pecoribus
2098 1213 2171 1281 et
2205 1205 2481 1295 bestiis,
2540 1206 2845 1302 aliisque
2900 1205 3457 1281 necessitatibus
3510 1201 3899 1301 explendis

986 1351 1513 1423 successorum,
1569 1330 1778 1403 salvo
1833 1329 2026 1425 quod
2082 1336 2156 1402 et
2207 1326 2299 1402 de
2335 1326 2609 1402 eisdem
2666 1327 3131 1403 straminibus
3183 1348 3315 1425 pro
3354 1325 3713 1401 consimili
3760 1346 3897 1397 ne·

985 1452 1324 1529 cessitate
1378 1451 1692 1526 habeant
1746 1450 2062 1524 factores
2136 1449 2488 1542 defuncti,
2566 1450 2847 1545 quoties
2917 1452 3123 1547 ipsos
3188 1447 3280 1522 ad
3338 1448 3584 1523 villam
3638 1447 3897 1518 venire

985 1574 1410 1669 contigerit,
1467 1596 1600 1669 pro
1653 1572 2072 1647 triturandis
2125 1572 2337 1645 bonis
2393 1571 2713 1646 eiusdem
2740 1628 2757 1663 ‚
2814 1578 2939 1645 aut
2990 1571 3275 1645 illorum
3300 1630 3317 1665 ,
3393 1572 3652 1668 quibus
3702 1570 3897 1643 forte

982 1696 1240 1770 eadem
1293 1693 1586 1769 vendita
1639 1694 1914 1789 forent,
1989 1716 2193 1768 usum
2251 1692 2371 1766 vel
2426 1692 3087 1790 participationem,
3144 1695 3431 1769 foenum
3486 1700 3723 1765 tamen
3774 1714 3895 1763 re-

991 1817 1368 1892 collectum
1427 1816 1739 1914 poterint
1793 1813 2151 1890 abducere
2208 1822 2630 1889 executores
2686 1814 3005 1890 defuncti
3060 1814 3443 1912 praedicti,
3503 1825 3575 1888 et
3626 1815 3701 1887 in
3752 1814 3895 1887 uti-

983 1940 1258 2013 litatem
1325 1938 1648 2014 eiusdem
1721 1944 2179 2030 convertere,
2254 1944 2466 2034 prout
2518 1936 2702 2033 ipsis
2756 1938 3015 2012 melius
3088 1936 3451 2012 videbitur
3522 1935 3893 2033 expedire.

989 2062 1085 2135 Et
1133 2060 1327 2135 idem
1383 2083 1520 2158 per.
1565 2060 1803 2136 omnia
1855 2081 1998 2155 quo
2054 2060 2145 2133 ad
2200 2060 2411 2133 vivos
2480 2058 2877 2165 Praelatos
2912 2068 2984 2133 et
3045 2058 3456 2134 Canonicos
3512 2058 3895 2133 Ecclesiae

983 2189 1296 2277 nostrae,
1355 2182 1636 2279 quoties
1681 2182 1886 2277 ipsos
1939 2190 2063 2255 aut
2108 2182 2417 2277 aliquem
2475 2202 2722 2255 eorum
2775 2180 3083 2255 transire
3140 2181 3231 2255 de
3268 2204 3410 2257 una
3434 2182 3625 2255 ·villa
3680 2203 3891 2277 prae-

987 2304 1378 2379 stimoniali
1449 2301 1544 2378 ad
1597 2303 1814 2377 aliam
1885 2304 2310 2397 contigerit,
2388 2301 2803 2377 ordinamus
2858 2312 2929 2377 et
2983 2304 3362 2378 statuimus
3428 2305 3502 2377 in
3560 2302 3895 2377 omnihus

977 2426 1274 2524 punctis
1329 2448 1458 2500 seu
1513 2423 1862 2499 clausulis
1915 2422 2356 2523 supradictis
2410 2424 2966 2499 observandum.
3040 2426 3305 2500 Datum
3362 2424 3769 2500 Cracoviae
3822 2425 3893 2498 in

972 2546 1327 2644 Capitulo
1399 2554 1647 2621 nostro
1709 2548 2039 2641 generali
2095 2570 2224 2643 pro
2280 2548 2469 2620 festo
2522 2542 2771 2621 Sancti
2827 2546 3249 2643 Michaelis,
3328 2546 3544 2621 Anno
3596 2548 3895 2621 Domini

893 2726 902 2735 .
973 2666 1383 2743 ‘Millesimo
1437 2668 2149 2766 quadringentesimo
2203 2668 2762 2764 quadragesimo
2818 2677 3078 2743 octavo
3134 2670 3525 2744 celebrato.
3596 2722 3605 2733 -

2334 2996 2563 3097 LIV.

976 3207 1101 3289 'De
1169 3207 1566 3291 evectione
1635 3207 2176 3328 frumentorum
2245 3209 2329 3289 et
2393 3208 2831 3290 straminum
2899 3226 2993 3290 ex
3053 3208 3235 3290 viiia
3306 3209 3893 3309 praestimoniaii

1557 3328 1653 3411 ad
1709 3329 1952 3427 aliam,
2009 3331 2162 3410 tum
2221 3328 2313 3410 de
2373 3328 2863 3429 dispositione
2920 3328 3342 3412 eorundem.

1209 3539 1694 3630 Quaestiones
1747 3546 1822 3612 et
1873 3539 2207 3634 querelas
2260 3541 2675 3635 frequentes
2730 3539 3049 3616 sedaturi
3104 3541 3521 3634 statuimus,
3598 3553 3677 3615 ut
3729 3542 3893 3616 dum

995 3670 1066 3736 et
1138 3662 1425 3759 quando
1479 3661 1699 3736 alicui
1749 3659 1995 3735 Fratri
2056 3661 2329 3736 Villam
2405 3660 2724 3759 Capituli
2794 3664 2865 3736 in
2939 3664 3425 3760 provisionem
3504 3664 3698 3756 dari,
3774 3665 3900 3760 qui

993 3783 1209 3857 aliam
1265 3782 1536 3857 Villam
1593 3783 1793 3880 prius
1849 3783 2101 3858 habuit
2152 3785 2565 3878 contigerit,
2622 3785 2694 3857 in
2752 3803 2895 3881 qua
2948 3786 3195 3881 fruges
3249 3808 3458 3880 suas,
3516 3809 3896 3876 annonam,

993 3905 1260 4003 pabula
1315 3905 1432 3978 vel
1487 3913 1776 3980 caetera
1833 3907 2100 3980 similia
2152 3907 2424 3980 locavit
2478 3916 2551 3980 et
2602 3908 2945 4003 reposuit,
3001 3907 3271 3982 licitum
3324 3909 3419 3982 sit
3454 3909 3597 3982 sibi
3647 3908 3900 4002 fruges

992 4025 1406 4102 huiusmodi
1457 4036 1530 4101 et
1583 4037 1872 4102 caetera
1926 4027 2299 4124 praedicta
2354 4029 2684 4103 similiter
2738 4038 2810 4103 et
2863 4030 3227 4123 stramina,
3286 4031 3350 4104 si
3388 4053 3573 4127 qnae
3624 4029 3897 4122 habuit,

992 4150 1138 4226 iam
1195 4149 1447 4243 granis
1504 4151 1873 4244 excussis,
1931 4149 2021 4225 de
2078 4151 2304 4248 priori
2355 4151 2532 4224 villa
2586 4150 2676 4224 ad
2732 4152 2987 4244 aliam,
3062 4175 3273 4248 quam
3332 4161 3442 4227 est
3494 4161 3899 4244 assecutus,

993 4269 1313 4345 totaliter
1365 4273 1692 4370 recipere
1746 4272 1867 4345 vel
1921 4271 2137 4346 aliter
2190 4295 2322 4368 pro
2374 4271 2583 4347 libito
2638 4296 2771 4348 sno
2826 4273 3233 4370 disponere.
3293 4271 3374 4349 Si
3408 4281 3643 4349 tamen
3682 4275 3901 4349 alicui

998 4401 1341 4469 extraneo
1398 4418 1608 4491 quam
1662 4395 1907 4470 Fratri
1959 4395 2320 4469 frumenta
2372 4394 2494 4468 vel
2530 4396 2795 4470 similia
2830 4403 3119 4470 caetera
3154 4396 3579 4490 vendiderit,
3638 4405 3901 4471 extunc

995 4517 1257 4590 Frater
1309 4517 1711 4593 succedens
1766 4517 1908 4591 sibi
1962 4517 2037 4590 in
2093 4517 2395 4591 eandem
2450 4518 2697 4591 villam
2752 4519 2816 4593 si
2856 4519 3155 4594 soluerit
3208 4519 3281 4593 id
3336 4521 3710 4616 praetium,
3765 4544 3902 4616 pro

999 4660 1140 4734 quo
1213 4637 1656 4713 contractum
1736 4646 1848 4713 est
1918 4638 2153 4713 forum
2227 4638 2399 4713 dare
2472 4641 2775 4735 poterit,
2851 4651 2924 4715 et
2974 4665 3107 4738 pro
3162 4665 3243 4716 se
3298 4644 3655 4716 frumenta
3726 4644 3905 4718 talia

995 4760 1305 4834 retinere
1358 4760 1478 4834 vel
1533 4767 1820 4836 caetera
1871 4768 2281 4858 praetacta,
2340 4763 2528 4859 quod
2587 4763 2650 4836 si
2706 4763 2877 4836 dare
2932 4765 3241 4838 noluerit
3292 4764 3369 4838 id
3422 4767 3767 4862 praetium
3828 4777 3904 4840 et

997 4881 1188 4956 alius
1240 4889 1624 4959 extraneus
1659 4883 1829 4956 illas
1863 4883 2118 4978 fruges
2156 4885 2544 4959 obtinuerit
2598 4886 2753 4958 sive
2792 4887 3062 4978 emerit,
3122 4895 3381 4962 extunc
3416 4889 3590 4963 talis
3626 4900 3903 4985 emptor
4012 4955 4019 4962 .

997 5001 1450 5078 medietatem
1535 5005 1952 5079 straminum
2038 5005 2274 5079 Fratri
2346 5005 2759 5080 succedenti
2834 5008 2907 5080 in
2980 5008 3226 5081 villam
3298 5010 3658 5085 tenebitur
3726 5011 3901 5085 dare

1001 5125 1159 5201 sine
1214 5127 1840 5202 contradictione,
