4055 6364
1461 765 2022 840 -215—

1513 1042 1967 1142 CCLXVI.

281 1267 772 1370 Lapidearum
848 1268 1333 1351 conservatio
1406 1268 1520 1350 ut.
1561 1268 1779 1349 statu
1855 1267 2105 1350 debito
2181 1269 2629 1365 retineatur,
2706 1268 2915 1350 Anno
2981 1267 3188 1368 1726,

603 1391 719 1472 die
777 1391 1121 1473 Mercurii
1180 1390 1256 1471 15
1314 1389 1598 1472 mensis
1655 1390 1854 1488 Maii,
1915 1389 2292 1472 Ordinatio
2350 1390 2879 1472 determinata.

501 1615 748 1693 Status
816 1617 1264 1714 lapidearum
1349 1619 1660 1692 omnium
1743 1618 2307 1692 residentialium
2393 1618 3189 1694 Reverendissimorum

283 1739 761 1814 Dominorum
817 1740 1314 1813 Praelatorum
1353 1747 1424 1814 et
1461 1739 1984 1813 Canonieorum
2025 1737 2566 1813 Oatliedralium
2605 1739 3191 1814 Craeoviensium

287 1870 524 1936 utrum
587 1887 730 1936 non
787 1863 882 1936 sit
934 1864 1170 1936 faetus
1244 1861 1581 1954 deterior,
1655 1862 1990 1954 neglectu
2068 1862 2587 1935 satisfactionis
2660 1861 3193 1936 conditionibus

288 1983 646 2080 appositis
719 1985 912 2057 eirea
986 1985 1441 2059 collationem
1516 1985 1836 2058 cuiusvis
1901 1984 2261 2080 lapideae,
2339 1983 2465 2056 sed
2542 1983 2795 2057 melior
2848 1983 3193 2076 reddimS,

290 2105 813 2179 constituerunt
867 2106 1332 2180 Perillustres
1389 2114 1460 2179 et
1511 2105 2134 2180 Reverendissimi
2188 2105 2485 2177 Domini
2536 2105 2609 2177 in
2650 2105 3015 2200 praesenti
3067 2085 3193 2198 ge·

291 2226 522 2300 nerali
594 2225 972 2324 Capitulo:
1048 2236 1125 2302 ut
1179 2229 1444 2324 singuli
1498 2228 2117 2302 Reverendissimi
2188 2226 2483 2300 Domini
2552 2227 2997 2322 lapidearum
3050 2227 3193 2300 Re-

287 2355 551 2441 gentes
611 2349 686 2421 in
742 2373 1052 2423 ascensu
1121 2351 1214 2424 ad
1267 2349 1600 2446 lapideas
1671 2349 1814 2422 sibi
1895 2349 2345 2442 commissas,
2418 2349 2623 2422 initio
2696 2347 3195 2444 apprehensae

287 2469 786 2565 possessionis
840 2471 1085 2545 talium
1141 2469 1624 2568 lapidearum,
1691 2470 2002 2543 habeant
2059 2469 2303 2544 debita
2357 2469 2806 2544 ordinatione
2860 2494 2991 2566 per
3041 2469 3190 2544 No-

287 2591 550 2664 tarium
604 2591 1069 2686 capitularem
1125 2593 1483 2684 eonfeeta,
1542 2591 1948 2687 subscripta
2013 2601 2087 2664 et
2157 2591 2403 2684 sigillo
2480 2591 2859 2686 capitulari
2913 2592 3199 2685 signata

289 2711 709 2786 Inventaria
781 2737 939 2786 eum
1013 2714 1328 2786 Deereto
1395 2721 1474 2811 et·
1530 2713 2063 2786 conditionibus
2134 2712 2625 2804 obligantibus
2700 2709 2936 2812 (salva
3004 2737 3195 2788 eom-

287 2833 718 2930 pensatione
771 2834 1006 2909 labori
1062 2831 1444 2934 facienda),
1497 2842 1572 2909 ut
1626 2857 1712 2908 eo
1769 2833 1981 2906 modo
2035 2833 2484 2928 lapidearum
2542 2834 2889 2907 habeatur
2944 2842 3015 2907 et
3070 2858 3193 2909 no-

289 2963 539 3029 scatur
593 2957 835 3030 debita
891 2956 1367 3049 conservatiO,
1426 2966 1497 3029 et
1549 2957 1960 3030 Inventaria
2014 2956 2190 3028 talia
2245 2956 2389 3028 sint
2444 2955 2606 3050 duo,
2665 2981 2878 3030 unum
2934 2957 3007 3030 in
3049 2981 3197 3030 ma-

291 3077 511 3151 nibus
566 3076 1180 3151 Reverendissimi
1237 3079 1529 3151 Domini
1583 3079 1958 3174 Regentis,
2017 3078 2319 3151 alterum
2376 3079 2467 3151 ad
2509 3077 2694 3151 Aeta
2748 3079 3197 3176 eapit111a1·ia;

289 3197 487 3293 quod
547 3200 836 3273 omnino
893 3199 1322 3274 servandum
1379 3202 1794 3293 voluerunt,
1851 3201 2265 3295 voluntque,
2326 3201 2460 3274 sub
2514 3200 2965 3274 inhabilitate
3022 3202 3197 3275 irre-

289 3321 614 3394 voeabili
669 3345 1019 3395 aseensus
1074 3329 1145 3395 et
1200 3323 1516 3419 optionis
1571 3323 1660 3395 ad
1719 3322 1904 3397 alias
1961 3322 2293 3419 lapideas
2346 3330 2753 3396 vacaturas.

1496 3720 1993 3821 CCLXVH.

293 3926 686 4011 statutum
756 3926 849 4008 tie
905 3929 1164 4012 Mense
1237 3928 1652 4011 Amicorum
1728 3930 2103 4031 antiquius
2175 3931 2498 4030 quatuor
2572 3930 3201 4013 hebdomadarum

424 4049 724 4150 tempus
785 4051 1238 4149 continente,
1298 4050 1364 4131 in
1423 4051 1754 4152 capitulo
1814 4052 2145 4152 uenerati
2202 4050 2567 4134 sabbathi
2624 4052 2738 4133 die
2798 4053 2877 4134 18
2933 4053 3100 4135 Maii

428 4169 634 4251 Anno
675 4169 852 4252 1726
893 4177 1451 4273 reassumotum
1493 4176 1577 4255 et
1614 4172 2003 4255 ordinaria
2058 4172 2541 4256 Authoritate
2579 4174 3098 4276 approbatum.

514 4398 794 4473 Mensis
865 4398 1278 4474 Amicorum
1354 4424 1511 4474 eum
1568 4425 1700 4476 suo
1755 4408 1994 4499 etymo
2067 4400 2361 4477 denotet
2431 4402 2589 4477 dies
2659 4404 2871 4478 unius
2944 4405 3209 4499 integri

299 4520 576 4594 mensis
630 4529 934 4615 quatuor
986 4522 1480 4597 hebdomadas
1553 4523 2018 4619 continentis,
2095 4525 2380 4620 taleque
2434 4532 2715 4621 tempus
2770 4549 2861 4599 ex
2914 4526 3207 4623 antiquo

301 4643 646 4715 eoneordi
699 4667 1056 4718 consensu
1113 4643 1430 4741 Capituli
1483 4646 1700 4719 fuerit
1752 4648 2212 4721 constitutum
2268 4654 2339 4720 et
2390 4648 2486 4720 ab
2540 4647 3067 4737 Illustrissimis
3119 4673 3209 4723 ae

301 4763 964 4839 Reverendissimis
1027 4767 1362 4840 Dominis
1430 4767 1821 4865 Episeopis
1892 4767 2501 4841 Craeoviensibus
2570 4770 2890 4860 gratiose
2946 4793 3207 4867 appro-

301 4888 573 4959 batum.
631 4885 821 4976 Quia
877 4896 1110 4962 tamen
1165 4886 1517 4964 Statutum
1585 4889 1934 4963 eiusmodi
1991 4890 2385 4985 antiquius,
2442 4898 2515 4963 et
2568 4890 2712 4963 tale
2766 4900 3049 4989 tempus
3102 4892 3207 4966 in-

305 5010 496 5103 tegri
549 5010 841 5102 mensis,
913 5011 1296 5084 recentiori
1365 5011 1843 5085 illustrissimi
1898 5020 1968 5084 et
2023 5012 2636 5086 Reverendissimi
2693 5014 2859 5087 olim
2922 5014 3205 5086 Domini

302 5128 617 5205 «Ioannis
697 5130 1235 5206 Malaehowski
1312 5132 1526 5207 Anno
1608 5132 2000 5207 Millesimo
2092 5134 2635 5208 Sexcentesimo
2716 5135 3207 5229 octuagesimo

305 5272 522 5345 nono,
604 5249 720 5325 die
773 5254 1127 5348 vigesima
1191 5264 1396 5329 sexta
1467 5255 1886 5350 Februarii,
1961 5257 2035 5330 in
2093 5255 2365 5330 Codiee
2421 5253 2855 5333 Statutorum
2930 5258 3203 5353 eapitu-

301 5374 564 5453 larium
621 5384 976 5471 contento,
1051 5379 1147 5452 sit
1199 5387 1638 5453 contractum
1709 5378 1800 5453 ad
1873 5387 2157 5478 tempus
2230 5380 2525 5454 duarum
2598 5380 3207 5455 hebdomadarum
