4055 6364
2084 764 2653 843 -106—

918 975 1265 1071 blewski,
1320 976 1668 1053 Floriano
1722 976 1956 1073 Oosz,
2013 977 2406 1054 Laurentio
2458 976 2912 1074 Naropinski
2932 1034 2949 1069 ,
3004 974 3291 1052 Joanne
3344 973 3827 1063 Zbissowski‚

915 1096 1203 1177 Joanue
1259 1094 1714 1195 Skrzetuski,
1773 1099 2002 1176 Paulo
2057 1098 2546 1200 Szydlowski,
2607 1107 2679 1175 et
2721 1100 2888 1173 aliis
2942 1098 3316 1196 permultis
3369 1098 3563 1171 circa
3619 1118 3831 1194 prae-

919 1220 1146 1297 missa
1197 1221 1525 1297 testibus.
2606 1222 3049 1297 Franciscus
3104 1217 3511 1314 Crasinski,

2545 1345 2961 1443 Episcopus
3014 1340 3553 1418 Oracoviensis.

2260 1654 2665 1757 CXXIV.

929 1860 1171 1963 super
1218 1860 1496 1946 indulto
1541 1862 1977 1966 apostolico
2024 1883 2168 1945 sex
2213 1864 2595 1948 mensium.
2643 1864 2850 1945 Anno
2898 1862 3165 1947 Domini
3215 1862 3421 1944 1576.
3471 1860 3599 1943 Die
3646 1860 3839 1941 mer-

1943 1985 2129 2103 curi!
2184 1987 2235 2068 9
2292 1986 2574 2069 *ensis
2631 1986 2820 2067 Haii.

1137 2193 1317 2271 Cum
1355 2196 1542 2269 inter
1595 2196 1781 2270 alios
1835 2196 2181 2271 articulos
2217 2199 2291 2270 in
2327 2197 2469 2273 hoc
2520 2197 2847 2293 generali
2902 2194 3238 2293 Capitulo
3294 2219 3425 2292 ρει·
3470 2192 3843 2267 Reveren-

934 2317 1306 2393 dissimum
1372 2318 1756 2392 Dominum
1831 2328 2151 2394 nostrum
2226 2320 2671 2417 Episcopum
2745 2316 3303 2393 Cracoviensem
3358 2318 3431 2390 in
3487 2316 3844 2390 delibera·

933 2441 1199 2515 tionem
1255 2440 1717 2537 capitularem
1777 2441 2222 2539 propositoS,
2278 2442 2345 2517 is
2399 2464 2680 2538 quoque
2749 2464 2889 2514 non
2945 2440 3132 2515 levis
3203 2440 3543 2514 momenti
3616 2438 3845 2512 conti-

936 2571 1248 2649 neretur,
1306 2561 1398 2635 de
1432 2562 1866 2638 inveniendo
1905 2564 2185 2639 scilicet
2221 2571 2294 2638 et
2330 2564 2709 2639 statuendo
2764 2562 2999 2657 motl0,
3059 2586 3188 2659 per
3238 2585 3447 2658 quem
3482 2560 3850 2635 Indultum

937 2682 1152 2760 Sedis
1205 2682 1675 2782 Apostolicae
1749 2710 1970 2783 super
2040 2686 2499 2761 conferendis
2569 2685 2941 2759 beneficiis
3014 2684 3534 2759 ecclesiasticis
3585 2683 3661 2756 in
3722 2706 3852 2757 sex

939 2805 1318 2881 Mensibus
1391 2808 1840 2882 alternativis
1895 2808 2359 2901 vacantibus,
2436 2807 3092 2882 Reverendissimis
3144 2806 3481 2881 Dominis
3536 2804 3850 2879 Ordina-

941 2929 1072 3005 riis
1125 2918 1619 3006 Ecclesiarum
1676 2930 2106 3005 Provinciae
2164 2928 2623 3005 Gnesnensis
2675 2930 3099 3024 reservatis,
3156 2950 3623 3021 concessum,
3700 2950 3851 2999 ma-

941 3052 1272 3127 nuteneri
1309 3062 1380 3125 et
1415 3053 1720 3146 integre,
1775 3054 2263 3149 inviolateque
2306 3052 2723 3127 conservari
2778 3052 3029 3149 possit,
3088 3059 3161 3124 et
3209 3050 3631 3148 praesertim
3692 3072 3855 3123 cum

945 3172 1086 3248 hoc
1139 3173 1372 3271 ipsum
1428 3173 1790 3250 Indultum
1843 3199 1974 3274 per
2027 3173 2311 3251 Statuta
2362 3174 2605 3270 Regni
2658 3176 2884 3272 probe
2938 3174 3281 3249 munitum
3331 3181 3403 3247 et
3438 3173 3855 3247 roboratum

949 3296 1210 3386 existit,
1269 3319 1689 3396 poenaeque
1744 3306 1816 3372 et
1867 3299 2175 3373 mulctae
2229 3299 2711 3391 gravissimae
2765 3296 3118 3371 adversus
3174 3319 3421 3370 omnes
3475 3292 3855 3385 eiusmodi,

949 3417 1074 3514 qui
1124 3417 1305 3493 illud
1362 3418 1904 3515 quibuscunque
1960 3419 2195 3494 modis
2250 3428 2321 3494 et
2373 3420 2773 3495 rationibus
2844 3421 3136 3494 turbare
3193 3427 3261 3492 et
3317 3417 3592 3492 violare
3646 3437 3857 3513 prae-

952 3548 1335 3633 sumerent,
1393 3542 1683 3637 publico
1723 3543 2037 3616 omnium
2094 3542 2445 3618 Ordinum
2498 3542 2740 3637 Regni
2792 3565 3151 3616 consensu
3198 3548 3363 3615 sunt
3400 3538 3857 3628 constitutae,

953 3663 1056 3736 uti
1109 3685 1198 3736 ea
1251 3663 1341 3737 de
1395 3686 1474 3736 re
1525 3663 1600 3737 in
1656 3661 1955 3740 Statutis
2013 3665 2267 3759 Regni
2336 3666 2572 3741 fusius
2626 3674 2698 3739 et
2752 3665 3018 3738 clarius
3092 3663 3533 3737 continetur:
3608 3661 3861 3755 itaque

955 3784 1368 3860 Reverendi
1421 3787 1715 3860 Domini
1771 3785 2179 3885 Capitulum
2252 3789 2782 3862 conformantes
2837 3809 3003 3860 sese
3058 3782 3555 3860 deliberationi
3621 3781 3861 3857 Reve-

957 3906 1370 3981 rendissimi
1425 3907 1720 3981 Domini
1777 3911 2004 3983 nostri
2058 3933 2276 4007 super
2330 3932 2417 3984 eo
2457 3911 2759 3985 articulo
2813 3910 3250 4006 propositae,
3306 3907 3408 3980 ita
3462 3904 3862 4003 proceden-

963 4027 1128 4101 dum
1184 4037 1634 4103 censuerunt.
1728 4031 2069 4128 Inprimis
2124 4039 2359 4105 tamen
2417 4040 2488 4107 et
2538 4040 2704 4106 ante
2770 4032 3009 4106 omnia
3079 4029 3457 4128 protestati
3529 4035 3737 4120 sunt,
3796 4034 3868 4100 et

964 4151 1246 4247 quoties
1317 4152 1606 4227 occasio
1668 4152 1742 4225 id
1811 4153 1999 4227 foret
2070 4162 2141 4228 et
2194 4155 2375 4229 ratio
2448 4155 2669 4249 digna
2740 4155 3032 4248 exigere
3104 4152 3485 4245 videbitur,
3558 4149 3865 4224 eandem

967 4271 1551 4370 protestationem
1613 4283 1941 4371 repetere
1995 4277 2066 4350 in
2124 4278 2361 4352 animo
2432 4278 2737 4370 habent,
2812 4275 3000 4372 quod
3056 4276 3129 4349 in
3185 4270 3536 4347 eiusmodi
3588 4271 3867 4346 delibe-

967 4393 1245 4469 ratione
1299 4418 1439 4471 non
1494 4396 1870 4473 intendunt
1921 4422 2343 4497 oppugnare
2415 4402 2573 4475 iura
2628 4399 2950 4474 eiusdem
3024 4395 3333 4471 Sanctae
3397 4392 3612 4492 Sedis
3665 4391 3867 4489 Apo·

972 4517 1309 4610 stolicae,
1385 4541 1570 4614 quae
1625 4528 1820 4594 sarta
1875 4530 1946 4596 et
1997 4531 2189 4597 tecta
2240 4524 2313 4597 in
2372 4523 2703 4597 omnibus
2757 4531 2829 4596 et
2880 4544 3011 4619 per
3064 4519 3301 4594 omnia
3364 4539 3649 4612 semper
3706 4536 3870 4589 esse

959 4639 1286 4736 cupiunt,
1345 4647 1418 4712 et
1469 4649 1806 4735 quantum
1861 4644 1934 4717 in
1986 4645 2137 4720 illis
2193 4646 2405 4718 situm
2461 4655 2592 4737 est,
2650 4645 2899 4719 eadem
2956 4650 3417 4716 manutenere
3470 4647 3541 4713 ct
3576 4661 3869 4715 conser-

975 4784 1148 4834 vare
1200 4761 1470 4835 volunt.
1529 4761 1798 4838 Verum
1836 4789 1942 4859 ea,
2001 4790 2186 4862 quae
2242 4776 2654 4863 sequuntur,
2712 4789 2800 4840 eo
2856 4765 3161 4840 consilio
3216 4771 3529 4837 statuere
3583 4783 3665 4834 se
3724 4759 3872 4834 exi·

977 4882 1288 4973 stimant,
1347 4891 1424 4957 ut
1473 4883 1548 4957 in
1603 4907 1690 4959 ea
1745 4889 2280 4983 perturbatione
2335 4899 2771 4986 temporum,
2838 4912 2929 4961 ex
2982 4887 3300 4961 dissecta
3354 4883 3698 4957 videlicet
3750 4905 3873 4956 va·

937 5004 1106 5108 ‘riis
1157 5004 1582 5080 haeresibus
1632 5007 1706 5080 in
1760 5008 1900 5085 hoc
1953 5010 2212 5105 Regno
2268 5011 2613 5086 Poloniae
2666 5010 3056 5106 religione,
3116 5006 3447 5102 dignitati
3502 5012 3573 5080 et
3626 5003 3875 5079 existi—

978 5126 1272 5200 mationi
1308 5123 1618 5202 Sanctae
1655 5127 1869 5206 Sedis
1903 5132 2374 5232 Apostolicae
2412 5134 2923 5226 consuleretur,
2980 5139 3197 5228 utque
3234 5131 3632 5224 effugerent
3666 5148 3875 5224 prae-

975 5256 1208 5323 tactas
1262 5271 1538 5346 poenas
1591 5247 2029 5328 Statntorum
2088 5255 2345 5349 Regni,
2404 5279 2585 5351 quas
2640 5279 2799 5329 cum
2854 5254 3175 5352 periculo
3234 5274 3364 5326 suo
3420 5257 3491 5324 et
3526 5250 3876 5324 bonorum

977 5370 1628 5448 ecclesiasticorum
1687 5373 2113 5451 detrimento
2165 5379 2529 5454 incurrere
2585 5387 2904 5475 possent,
2964 5377 3025 5450 si
3064 5383 3207 5449 tam
3245 5372 3501 5448 faciles
3538 5395 3621 5446 se
3659 5395 3877 5469 prae-
