4055 6364
2115 709 2634 787 ...84-

2325 988 2411 1091 C.

900 1203 1015 1285 De
1095 1203 1439 1283 taxarum
1524 1174 1894 1283 solutione
1977 1217 2116 1281 non
2202 1198 2701 1300 proroganda
2792 1198 3001 1282 Αιιιιο
3083 1198 3356 1283 Domini
3439 1198 3830 1285 millesimo

906 1320 1521 1425 ssutnflentesimo
1576 1319 2232 1524 αιιίηιιιιειῃεέἰηιοὸ
2234 1321 2548 1525 οοὲειῖο,
2603 1318 2991 1403 statutum
3051 1322 3430 1482 generalis
3481 1321 3828 1425 capituti,

2057 1462 2123 1525 ue
2399 1462 2442 1525 e
2496 1442 2746 1524 ruat-ii.

1050 1716 1079 1727 ..
1115 1656 1473 1748 Quoniam
1511 1652 1864 1729 Statutum
1904 1651 2324 1751 Capitulare
2367 1653 2705 1751 disponit,
2760 1655 3246 1752 decernitque,
3303 1664 3381 1731 ut
3417 1655 3830 1753 quicunque

878 1776 1388 1863 'Dominorum
1462 1777 1553 1852 de
1636 1776 1976 1873 Capitulo
2052 1784 2290 1849 taxam
2363 1775 2619 1851 domus
2691 1786 2858 1875 post
2927 1778 3304 1855 decursum
3375 1778 3587 1852 unius
3657 1779 3832 1851 anni

907 1904 1005 1978 ab
1053 1906 1391 1977 assecuta
1442 1899 1574 1973 tali
1620 1896 1831 1973 domo
1888 1898 2463 1994 computandam,
2521 1921 2661 1972 non
2702 1900 3021 1995 solverit,
3079 1899 3422 1975 inhabilis
3475 1922 3639 1975 esse
3699 1898 3826 1973 de-

914 2027 1089 2101 beat
1140 2023 1233 2098 ad
1290 2022 1575 2097 domum
1634 2021 1851 2096 aliam
1920 2019 2352 2117 optandam3
2427 2028 2584 2095 orta
2657 2044 2874 2118 super
2943 2022 3084 2097 hoc
3152 2046 3381 2119 nuper
3447 2022 3634 2097 inter
3691 2022 3826 2098 ali·

920 2150 1107 2245 quos
1195 2144 1555 2220 Dominos
1644 2142 2102 2241 Capitulares
2193 2144 2722 2235 controversia,
2815 2144 3340 2221 affirmantibus
3431 2145 3824 2238 nonnullis,

914 2269 1267 2345 Statutum
1339 2267 1783 2366 praedictum
1854 2265 2094 2341 locum
2168 2288 2312 2339 non
2367 2265 2676 2357 habere,
2751 2269 2871 2341 ubi
2929 2268 3284 2365 quispiam
3341 2267 3432 2343 de
3487 2267 3829 2342 Dominis

901 2390 1503 2491 prorogationem
1560 2391 1654 2464 ab
1709 2387 1820 2462 eis
1873 2388 2227 2462 eiusmodi
2281 2388 2661 2464 solutionis
2715 2412 3136 2466 concessam
3206 2390 3574 2485 habuerit,
3655 2391 3829 2466 aliis

906 2537 1092 2591 vero
1144 2512 1579 2609 negantibus
1634 2518 1705 2585 et
1758 2508 2204 2603 dicentibus,
2261 2512 2844 2607 prorogationem
2914 2513 3150 2611 ipsam
3221 2514 3605 2609 suffragari
3679 2535 3825 2588 non

902 2634 1221 2731 debere,
1278 2658 1413 2709 nec
1467 2657 1709 2732 posse,
1768 2631 1861 2707 ad
1916 2632 2131 2707 aliam
2189 2634 2471 2708 domum
2530 2634 3013 2731 obtinendam,
3067 2636 3209 2711 nisi
3262 2637 3464 2734 prius
3519 2634 3824 2732 statuto,

914 2758 1106 2857 quod
1180 2757 1444 2832 iuravit
1512 2756 2005 2852 unusquisque
2076 2756 2499 2851 tenendum,
2577 2758 3023 2833 satisfactum
3096 2767 3328 2853 esset,
3405 2759 3697 2835 Domini
3747 2760 3825 2835 in

914 2880 1240 2978 generali
1313 2876 1649 2976 Capitulo
1720 2879 2186 2973 congregati,
2263 2901 2483 2977 super
2545 2880 2905 2955 eiusmodi
2977 2882 3472 2956 controversia
3545 2890 3826 2957 matura

914 3001 1434 3078 deliberatione
1488 3000 1942 3097 praehabita,
1998 3024 2088 3074 ac
2141 3000 2331 3076 votis
2386 3002 2712 3077 omnium
2752 3004 2824 3076 in
2865 3002 3118 3095 ⁸medio
3175 3004 3641 3098 examinatis,
3699 3028 3824 3079 ve·

922 3126 1198 3224 terique
1254 3123 1755 3201 consuetudini
1805 3122 2236 3220 innitentes,
2303 3122 2657 3202 Statutum
2716 3126 2805 3202 de
2859 3126 3048 3203 taxis
3104 3134 3177 3202 et
3229 3112 3644 3225 optionibus
3699 3125 3826 3200 do-

921 3273 1202 3326 morum
1256 3248 1741 3348 praedictum,
1818 3246 2032 3322 etiam
2085 3247 2177 3322 ad
2234 3253 2568 3346 optiones
2617 3250 2948 3325 villarum
3005 3248 3494 3342 extendentes,
3549 3251 3651 3323 ita
3705 3247 3825 3323 de-

900 3371 1337 3478 clarandum
1391 3377 1476 3445 et·
1514 3369 2128 3468 interpretandum
2195 3369 2550 3446 duxerunt
2604 3379 2676 3448 et
2729 3371 3239 3466 decreverunt,
3316 3371 3826 3468 declarantque

914 3495 989 3570 in
1027 3502 1395 3593 posterum
1434 3501 1779 3592 perpetuo
1832 3493 2394 3569 observandum:
2451 3503 2528 3570 ut
2567 3494 2974 3593 quicunque
3011 3496 3168 3571 sive
3208 3495 3609 3589 PraelatuS,
3669 3495 3823 3569 sive

918 3617 1371 3713 Canonicus,
1444 3625 1685 3692 taxam
1742 3617 2038 3710 domus,
2115 3618 2234 3692 vel
2290 3616 2764 3715 quodcunque
2831 3617 3028 3692 aliud
3084 3617 3400 3693 debitum
3453 3616 3822 3713 liquidum,

918 3749 1085 3841 post
1138 3739 1518 3816 decursum
1572 3740 1785 3815 unius
1838 3738 2008 3813 anni
2062 3763 2109 3813 a
2161 3747 2484 3837 tempore
2542 3741 2889 3815 contracti
2945 3739 3296 3815 eiusmodi
3362 3739 3622 3832 debiti,
3679 3739 3822 3814 Ve-

918 3860 1226 3940 nerabili
1282 3863 1621 3962 Capitulo
1657 3886 1800 3937 non
1840 3862 2161 3956 solverit,
2221 3862 2503 3937 etiamsi
2557 3863 3137 3960 prorogationem
3194 3860 3418 3937 debiti
3473 3859 3825 3937 eiusmodi

901 3983 1013 4062 ad
1067 3994 1353 4085 tempus
1406 3981 1884 4083 quodcunque
1936 3983 2300 4079 habuerit,
2371 3985 2662 4081 longius
2715 3985 3060 4061 inhabilis
3113 3985 3250 4079 sit,
3306 4007 3540 4081 neque
3595 4007 3826 4082 capax

929 4110 1023 4185 ad
1078 4109 1361 4185 domum
1420 4108 1577 4184 sive
1630 4109 1875 4184 villam
1934 4109 2402 4206 capitularem
2458 4108 2842 4206 optandam
2895 4117 2968 4183 et
3032 4105 3516 4201 obtinendam,
3573 4129 3824 4205 proro-

920 4231 1213 4329 gatione
1268 4232 1560 4308 obtenta
1615 4238 1686 4307 et
1737 4229 2108 4327 prioritate
2165 4230 2564 4307 vocationis
2618 4231 2728 4306 illi
2781 4231 3070 4306 minime
3125 4231 3588 4324 suffragante.

2313 4542 2442 4646 CI.

904 4751 1031 4868 ,De
1078 4750 1651 4835 alienationibus
1706 4770 1847 4835 non
1901 4750 2302 4872 faciendis.
2358 4752 2565 4836 Anno
2621 4751 2889 4836 nomini
2944 4751 3321 4837 millesimo
3378 4751 3820 4854 uuinqente-

907 4903 913 4909 ·
1054 4905 1059 4908 ·
1381 4873 1567 4957 simo
1627 4872 2248 4976 auinquaflesimo
2306 4876 2603 4959 octavo.
2661 4875 2788 4958 nie
2845 4875 2895 4956 ΙΙ
2953 4875 3356 4959 Februarii.

1134 5084 1487 5176 Quamvis
1540 5107 1790 5161 omnes
1842 5085 2318 5161 alienationes
2379 5089 2728 5163 bonorum
2800 5085 3481 5161 Ecclesiasticorum
3539 5085 3694 5160 sive
3749 5085 3820 5158 in

924 5216 1381 5307 perpetuum,
1460 5208 1615 5283 sive
1670 5207 1762 5282 ad
1816 5215 2100 5305 tempus
2155 5217 2459 5304 certum,
2516 5211 2670 5285 iure
2735 5208 3091 5284 communi
3146 5215 3219 5284 et
3267 5209 3558 5302 legibus
3611 5215 3821 5304 atque

929 5329 1228 5406 Statutis
1297 5330 1679 5407 Ecclesiae
1748 5329 1964 5406 huius
2035 5331 2180 5406 sint
2241 5331 2683 5430 prohibitae3
2757 5339 2996 5406 tamen
3054 5331 3222 5429 quia
3275 5331 3451 5406 nihil
3506 5339 3646 5405 tam
3700 5330 3819 5404 fir-
