4055 6364
2104 727 2669 802 -172—

2250 1005 2531 1106 CCVI.

939 1213 1332 1298 Statutum
1389 1211 1482 1296 de
1539 1213 1952 1315 sepulturis
2007 1213 2077 1294 in
2132 1213 2301 1417 got?
2344 1211 2845 1416 bsai-vandum.
2913 1213 3121 1295 Anno
3176 1213 3393 1296 1606.
3462 1212 3588 1294 nie
3640 1213 3831 1294 lovis

2293 1355 2337 1418 e
2393 1354 2649 1419 ruarn.

1150 1542 1504 1622 Statutum
1543 1546 1634 1622 de
1671 1546 2063 1644 sepulturis
2110 1545 2326 1622 huius
2362 1545 2769 1638 Ecclesiae,
2830 1544 3019 1642 quod
3072 1546 3359 1644 incipit:
3424 1545 3602 1639 „Ne
3652 1546 3692 1618 f
3702 1568 3745 1620 o
3762 1568 3829 1619 e-

931 1677 1120 1744 tor“
1206 1675 1384 1762 etc.,
1462 1668 1875 1745 Reverendi
1945 1669 2240 1744 Domini
2313 1669 2821 1743 concluserunt
2888 1668 2964 1740 in
3035 1675 3185 1742 toto
3270 1666 3699 1743 servandum
3766 1673 3833 1740 et

931 1789 1464 1868 Vieecustodes
1516 1790 2065 1886 admonendum,
2121 1813 2212 1866 ne
2268 1791 2619 1867 eiusmodi
2674 1791 3083 1888 sepulturas
3134 1791 3569 1888 permittant.

2224 2103 2552 2205 CCVII.

939 2313 1043 2395 ne
1100 2313 1694 2416 praeeminentia
1744 2311 2401 2397 Administratoris
2456 2313 2788 2396 vacante
2844 2310 3045 2395 Sede
3104 2313 3609 2414 Episcopatus
3660 2310 3829 2394 Gra-

1207 2436 1618 2519 eoviensis.
1675 2434 1884 2517 Anno
1941 2435 2157 2517 1606.
2217 2434 2344 2516 nie
2398 2433 2717 2518 sabbati
2774 2433 3030 2517 ultima
3081 2432 3579 2536 Septembris.

1144 2646 1575 2722 Reverendo
1611 2647 1926 2722 Domino
1961 2647 2195 2722 Paulo
2234 2647 2596 2723 Dembski
2634 2647 2778 2720 Dei
2814 2654 2885 2721 et
2920 2643 3390 2743 Apostolieae
3427 2643 3641 2719 Sedis
3672 2669 3827 2739 gra·

934 2769 1037 2843 tia
1091 2769 1462 2866 Episcopo
1498 2768 1956 2864 Laodicensi,
2015 2767 2511 2863 Suffraganeo,
2570 2769 2939 2843 Canonieo
2980 2777 3053 2841 et
3097 2765 3287 2843 Sede
3322 2777 3627 2842 vacante
3663 2766 3827 2864 Epi-

937 2897 1277 2988 scopatus
1332 2888 1842 2966 Cracoviensis
1886 2889 2510 2986 Administratore,
2557 2893 2629 2965 in
2670 2891 3016 2966 hodierno
3072 2913 3421 2964 consessu
3465 2889 3831 2988 capitulari

937 3035 1222 3087 suarum
1277 3012 1861 3089 Dominationum
1917 3014 2499 3089 Reverendarum
2558 3013 2647 3086 de
2685 3014 3247 3111 praeeminentia
3284 3023 3357 3086 et
3390 3015 3553 3087 loco
3590 3011 3826 3086 Admi-

936 3133 1370 3225 nistratoris,
1439 3135 1562 3231 qui
1617 3159 1924 3234 semper,
1981 3144 2060 3211 ut
2113 3160 2201 3210 ex
2255 3135 2465 3211 Actis
2520 3134 3039 3232 capitularibus
3093 3142 3416 3234 apparet,
3474 3132 3827 3232 praeside-

939 3257 1067 3330 bat
1120 3263 1193 3331 et
1243 3256 1554 3353 priorem
1608 3257 1846 3332 locum
1893 3258 1966 3331 in
2005 3256 2342 3355 Capitulo
2398 3260 2595 3332 iuxta
2648 3258 3011 3354 antiquam
3070 3257 3657 3333 consuetudinem
3708 3256 3827 3329 ha-

939 3380 1186 3467 bebat,
1242 3378 1650 3474 habereque
1706 3378 1950 3471 debet,
2009 3389 2455 3477 proponente
2483 3439 2500 3474 ,
2560 3403 2783 3475 seque
2838 3381 3331 3478 superioribus
3384 3381 3617 3473 annis,
3673 3378 3829 3452 dum

934 3500 1195 3575 fuisset
1246 3497 1825 3594 Administrator,
1894 3504 2313 3599 praesidere
2367 3505 2519 3578 suis
2572 3504 3028 3579 Reverendis
3080 3503 3712 3577 Dominationibus
3760 3501 3827 3574 in

935 3623 1349 3698 memoriam
1406 3622 1813 3717 reducente,
1873 3624 1987 3698 cui
2040 3622 2663 3700 Administrationi
2715 3627 3089 3700 maluisset
3140 3626 3572 3715 renuntiare,
3630 3646 3829 3721 quam

936 3744 1252 3841 aliquam
1325 3744 1863 3819 diminutionem
1915 3746 1987 3819 in
2046 3770 2133 3820 ea
2188 3748 2359 3844 pati,
2419 3756 2490 3821 et
2543 3745 3105 3823 Successoribus
3178 3748 3329 3822 suis
3395 3748 3511 3821 ius
3566 3746 3829 3845 praesi-

940 3867 1159 3941 dendi
1215 3866 1578 3960 amittere,
1649 3868 2001 3964 simulque
2057 3869 2251 3942 eirca
2302 3870 2417 3943 ius
2471 3870 2935 3967 praesidendi
2988 3870 3351 3965 antiquum
3408 3893 3489 3943 se
3546 3892 3824 3943 conser-

936 3990 1098 4063 vari
1152 3989 1586 4087 postulante,
1651 3989 2061 4065 Reverendi
2113 3992 2410 4065 Domini
2463 3992 2783 4066 Praelati
2839 4000 2908 4066 et
2962 3990 3309 4065 Canonici
3366 3989 3829 4089 suprascripti

936 4110 1010 4186 in
1063 4112 1430 4209 praesenti
1499 4113 1826 4206 generali
1889 4112 2225 4211 Capitulo
2280 4116 2743 4209 congregati,
2819 4116 3215 4188 innitentes·
3266 4113 3405 4187 iuri
3458 4113 3827 4203 communi,

937 4239 1085 4306 tum
1143 4256 1425 4329 quoque
1483 4257 1571 4308 eo
1619 4241 1910 4329 attento,
1969 4235 2160 4332 quod
2215 4237 2807 4331 quemadmodum
2866 4235 3227 4311 Officialis
3282 4258 3412 4309 suo
3466 4236 3829 4334 Episcopo

937 4354 1250 4452 priorem
1302 4356 1541 4431 locum
1595 4356 1864 4432 habere
1917 4382 2059 4432 non
2116 4366 2376 4455 potest,
2433 4358 2535 4431 ita
2574 4367 2644 4432 et
2680 4356 3241 4433 Administrator
3296 4356 3485 4433 Sede
3538 4366 3831 4432 vacante

940 4499 1072 4551 suo
1131 4475 1507 4576 Capitulo,
1583 4503 1742 4553 cum
1817 4503 2063 4554 eorum
2138 4480 2231 4553 sit
2282 4478 2620 4554 Vicarius
2676 4504 2765 4554 ex
2828 4481 3237 4577 pluralitate
3311 4482 3827 4575 suffrag-iorum,

941 4598 1449 4675 concluserunt
1484 4610 1556 4674 et
1593 4610 2031 4677 statuerunt:
2089 4608 2441 4698 quatenus
2480 4602 3039 4677 Administrator
3086 4601 3275 4678 Sede
3312 4610 3619 4677 vacante
3662 4602 3830 4700 Epi·

941 4729 1285 4818 scopatus
1340 4721 1851 4798 Craeoviensis
1904 4724 2180 4798 electus
2245 4733 2315 4798 et
2366 4725 2439 4797 in
2494 4735 2859 4821 posterum
2934 4726 3343 4822 eligenduS,
3410 4728 3485 4800 in
3550 4727 3714 4800 loco
3766 4734 3833 4797 et

942 4842 1193 4917 ordine
1248 4840 1447 4920 Senii
1501 4847 1615 4921 sui
1666 4847 1740 4920 in
1791 4846 2129 4944 Capitulo
2184 4846 2458 4935 sedeat,
2516 4856 2587 4921 et
2642 4872 2781 4921 non
2836 4849 3018 4946 ipse,
3077 4850 3206 4924 sed
3262 4850 3663 4943 Praelatus,
3721 4848 3831 4922 vel

940 4963 1014 5038 in
1053 4965 1383 5041 absentia
1435 4968 1931 5044 Praelatorum
1987 4968 2400 5044 Canonicus
2456 4967 2712 5045 Senior
2764 4980 2934 5045 vota
2988 4972 3288 5066 colligat
3327 4980 3397 5047 et
3432 4972 3827 5063 concludat,

939 5109 1084 5160 non
1141 5089 1471 5163 obstante
1528 5090 2043 5165 consuetudine
2098 5099 2434 5188 tanquam
2488 5093 2626 5167 iuri
2665 5094 3020 5168 communi
3074 5096 3452 5170 contraria.
3510 5096 3609 5169 Et
3662 5116 3827 5191 quo·

939 5209 1131 5283 niam
1172 5210 1642 5287 Reverendus
1685 5214 2044 5288 Dominus
2078 5214 2569 5313 Hieronymus
2607 5215 2997 5307 Reezaiski
3035 5217 3611 5293 Archidiaeonus
3660 5216 3829 5291 Cra·

942 5333 1326 5430 coviensis,
1382 5334 1769 5412 modernus
1821 5336 2283 5431 Praesidens,
2341 5340 2477 5414 iuri
2532 5362 2662 5414 suo
2715 5362 2849 5437 pro
2885 5340 3023 5415 hac
3078 5342 3237 5416 vice
3290 5342 3381 5415 ad
3420 5340 3829 5439 petitionem
