4055 6364
1578 704 2097 837 ..29-

386 970 718 1069 qualibet
772 971 1255 1069 impetitione;
1314 994 1499 1068 quae
1555 971 1791 1045 omnia
1847 970 2057 1045 etiam
2098 969 2191 1044 ad
2228 970 2567 1065 Vicarios
2602 978 2991 1069 perpetuos
3047 996 3287 1047 curam

375 1094 776 1167 animarum
831 1116 973 1167 non
1023 1093 1396 1187 habentes,
1454 1092 2009 1186 Mansionarios,
2069 1092 2565 1183 Psalteristas,
2622 1093 2953 1169 volumus
3008 1093 3282 1168 referri.

377 1215 598 1289 Talis
654 1214 840 1289 enim
915 1211 1297 1290 Ordinatio
1369 1238 1596 1310 aequa
1667 1216 1876 1289 nobis
1931 1221 2004 1287 et
2056 1214 2382 1289 modesta
2434 1216 2506 1289 in
2562 1225 2866 1312 utroque
2936 1217 3095 1289 visa
3151 1225 3282 1310 est,

380 1337 536 1411 vita
587 1338 853 1411 functis
908 1336 1198 1434 quidem
1251 1337 1582 1434 propitia,
1640 1337 2052 1437 viventibus
2106 1361 2279 1411 vero
2331 1338 2694 1433 gratiosa3
2753 1361 2961 1432 quam
3022 1338 3085 1411 si
3124 1338 3286 1432 quis

386 1482 577 1535 ausu
631 1460 1010 1533 temerario
1063 1459 1338 1533 violare
1393 1468 1516 1533 aut
1567 1460 1672 1533 illi
1732 1460 2229 1534 contravenire
2289 1460 2885 1557 praesumpserit,
2960 1460 3285 1553 indigna-

373 1582 651 1655 tionem
706 1578 1240 1677 Omnipotentis
1293 1582 1438 1654 Dei
1489 1582 1810 1655 incurrat
1863 1591 1933 1655 et
1987 1606 2031 1655 a
2085 1584 2580 1655 communione
2636 1580 2840 1655 Sacri
2892 1582 3162 1656 Viatici
3210 1583 3281 1655 iu

377 1710 704 1777 extremo
761 1702 878 1777 die
930 1703 1213 1777 alienus
1289 1704 1592 1799 existat,
1669 1705 1981 1777 omnium
2058 1705 2174 1799 qui
2234 1724 2393 1777 cum
2451 1706 2716 1801 pietate
2792 1704 3283 1778 dormitionem

373 1833 857 1922 acceperunt,
930 1825 1352 1899 acerrimam
1410 1826 1819 1921 quaerelam
1877 1836 1948 1900 et
1997 1826 2462 1900 iustissimam
2521 1849 2650 1923 pro
2706 1826 3102 1899 temeritate
3158 1849 3287 1900 sua

375 1970 434 2020 a
482 1946 880 2022 iustissimo
934 1949 1245 2022 omnium
1319 1948 1762 2023 iniuriarium
1835 1948 2064 2023 ultore
2120 1948 2283 2021 Deo
2339 1948 2703 2023 subiturus
2775 1949 3156 2040 ultionem,
3215 1955 3287 2022 et

373 2069 851 2145 nihilominus
929 2071 1286 2145 sententia
1361 2069 2144 2144 Excommunicationis
2214 2070 2381 2167 ipso
2453 2071 2647 2145 facto
2718 2070 3129 2143 innodatum
3205 2094 3286 2144 se

375 2192 594 2281 sciat,
649 2217 693 2265 a
746 2216 888 2288 qua
942 2214 1084 2265 non
1142 2192 1282 2265 nisi
1336 2193 1830 2266 satisfactione
1883 2191 2067 2265 reali
2117 2194 2350 2284 facta,
2430 2193 2522 2266 ab
2577 2191 2948 2290 Episcopo
3004 2192 3289 2266 absolvi

371 2314 672 2411 poterit.
771 2312 893 2389 Sic
945 2314 1214 2407 ligatus
1268 2315 1461 2389 nulla
1521 2315 1663 2388 sibi
1716 2314 2087 2389 dillatione
2142 2314 2260 2387 vel
2312 2315 2739 2388 remissione
2804 2314 3285 2389 Executorum

379 2436 516 2509 vel
565 2435 1120 2510 procuratorum
1177 2438 1640 2529 suffragante,
1701 2438 2171 2511 decernentes
2224 2437 2499 2510 irritum
2556 2445 2629 2510 et
2678 2438 2913 2529 inane,
2972 2438 3037 2511 si
3076 2457 3289 2513 secus

373 2580 608 2655 super
651 2557 768 2632 his
804 2567 927 2632 aut
962 2558 1284 2653 quolibet
1337 2560 1918 2656 praemissorum,
1979 2583 2108 2657 per
2144 2559 2547 2655 quempiam
2587 2560 2805 2633 fuerit
2840 2568 3281 2635 attentatum.

368 2681 654 2754 Datum
729 2678 1131 2755 Cracoviae
1201 2680 1276 2753 in
1352 2678 1688 2777 Capitulo
1764 2679 2113 2756 Generali
2189 2704 2317 2777 pro
2390 2683 2578 2756 festo
2651 2678 2724 2755 S.
2806 2679 3152 2755 Stanislai
3211 2682 3287 2755 in

371 2801 587 2877 Maio
623 2800 838 2877 Anno
877 2804 1171 2877 Domini
1216 2802 1608 2877 Millesimo
1667 2802 2396 2898 Quadringentesimo
2452 2801 2924 2899 Sexagesimo
2962 2801 3283 2901 Septimo

371 2923 781 2999 celebrato.

1575 3255 2187 3390 XXXvuL,

491 3463 919 3567 Sequuntur
973 3464 1432 3566 capitularia
1484 3464 1806 3549 statuta
1862 3468 1945 3548 et
2000 3467 2231 3567 primo
2287 3466 2716 3567 capitulare
2771 3468 3181 3566 statutum,

371 3586 486 3669 de
526 3587 863 3688 tegendis
902 3587 1156 3671 missis
1196 3590 1278 3670 et
1315 3588 1799 3672 absolvendis
1829 3589 2102 3690 viniliis
2141 3608 2275 3690 pro
2313 3589 2559 3672 anima
2597 3589 2888 3672 Fratris
2928 3588 3284 3671 defuncti.

599 3798 682 3871 In
723 3797 997 3874 Christi
1033 3799 1320 3874 nomine
1367 3798 1624 3874 Amen.
1683 3796 2041 3874 Salutaris
2098 3799 2423 3874 doctrina
2478 3800 2687 3875 Beati
2739 3798 3081 3898 Apostoli
3134 3799 3282 3875 No-

379 3921 508 3995 bis
563 3930 1092 4014 commemorat,
1151 3921 1344 4016 quod
1399 3944 1648 3995 omnes
1705 3922 2053 3996 stabimus
2108 3931 2273 3997 ante
2309 3922 2665 3998 Tribunal
2718 3920 2990 3997 Christi
3036 3946 3285 4020 recep-

369 4044 532 4118 turi
585 4067 714 4141 pro
770 4043 1081 4133 meritis,
1159 4053 1369 4140 prout
1419 4045 1492 4117 iu
1550 4065 1853 4140 corpore
1907 4045 2269 4138 gessimus
2326 4045 2493 4119 sive
2535 4046 2797 4119 bonum
2863 4045 3079 4119 fuerit
3132 4045 3288 4118 sive

373 4165 676 4240 malum.
763 4163 1122 4263 Opportet
1174 4165 1332 4240 Nos
1383 4165 1602 4261 igitur
1657 4165 1844 4239 diem
1900 4175 2272 4242 venturum
2328 4165 2600 4241 Judieii
2656 4168 2953 4241 extremi
3008 4168 3287 4242 miseri-

375 4287 680 4363 cordiae
735 4288 1076 4385 operibus
1129 4289 1588 4385 praevenire,
1647 4313 1734 4362 ac
1802 4312 1933 4385 spe
1989 4297 2437 4364 aeternorum
2512 4290 2866 4364 seminare
2919 4291 2993 4363 iu
3050 4290 3283 4384 terris,

377 4411 584 4508 quod
633 4418 1007 4509 praestare
1062 4410 1376 4483 Domino
1431 4434 1589 4484 cum
1648 4411 1880 4484 fructu
1936 4391 2273 4507 centuplo
2337 4412 2848 4506 recolligamus
2902 4413 2975 4486 in
3033 4412 3284 4507 coelis,

376 4533 667 4607 firmam
709 4557 912 4630 spem
953 4541 1024 4607 et
1057 4532 1391 4608 fiduciam
1447 4533 1820 4628 habentes,
1878 4534 2214 4628 quoniam
2252 4534 2375 4629 qui
2413 4557 2629 4630 parce
2685 4535 3011 4628 seminat,
3069 4557 3287 4631 parce

379 4665 464 4730 et
515 4662 768 4748 metet,
844 4663 918 4729 et
971 4655 1120 4750 qui·
1163 4649 1242 4728 iu'
1293 4653 1916 4729 benedictionibus
1989 4655 2294 4729 seminat
2366 4657 2454 4729 de
2527 4654 3147 4731 benedictionibus
3218 4665 3290 4731 et

377 4785 609 4853 metet
659 4777 879 4851 vitam
933 4776 1008 4849 in
1062 4769 1376 4851 Domino
1432 4777 1958 4875 sempiternam.
2054 4777 2210 4852 Nos
2265 4778 2483 4872 igitur
2555 4777 2965 4876 Capitulum
3029 4778 3285 4853 Eccle-

381 4900 550 4976 siae
619 4897 1132 4974 Cracoviensis
1204 4900 1532 4997 quamvis
1602 4900 1922 5002 sciamus
1988 4901 2227 4973 omnia
2289 4902 2478 4975 bona
2552 4924 2734 4997 quae
2804 4901 3283 4998 possidemus,

375 5021 648 5098 intuitu
700 5023 912 5096 etiam
966 5044 1130 5096 esse
1168 5045 1562 5120 pauperum
1616 5023 1900 5116 largita,
1958 5031 2031 5096 et
2078 5024 2513 5122 pauperibus
2566 5021 2995 5118 erroganda,
3052 5045 3284 5097 reser-

377 5153 565 5220 vato
615 5145 848 5220 Nobis
899 5169 1032 5235 usu
1087 5145 1322 5220 fructu
1393 5147 1846 5241 necessari03
1904 5152 2141 5219 tamen
2196 5147 2523 5220 volentes
2576 5170 2706 5243 per
2760 5145 3071 5243 amplius
3134 5144 3285 5219 No-

377 5275 616 5342 strum
671 5268 1060 5365 quemlibet
1110 5268 1183 5342 in
1241 5267 1612 5343 charitatis
1666 5268 2008 5366 operibus
2062 5269 2423 5360 exerceri,
2490 5268 2942 5342 attendentes
2994 5268 3284 5342 Frater-

377 5389 684 5468 uitatem
735 5397 1053 5466 nostram
1091 5399 1234 5489 per
1257 5390 1758 5465 Reverendum
1815 5390 2104 5466 Patrem
2158 5391 2543 5464 Dominum
2597 5390 2648 5465 J
2653 5413 2956 5465 oannem
3014 5385 3283 5465 Groth-
