4055 6364
2088 759 2609 840 -50-

901 973 1104 1068 logia
1157 980 1231 1048 et
1281 972 1563 1048 duobus
1627 972 2077 1047 Doctoribus
2146 970 2555 1046 huiusmodi
2608 971 2749 1044 iam
2805 972 3243 1066 assignatis,
3318 974 3436 1047 vel
3488 973 3825 1070 inposte-
3934 1009 3947 1030 ι

903 1118 1058 1170 rum
1110 1118 1244 1193 per
1297 1094 1603 1170 dilectos
1655 1093 1889 1168 Filios
1969 1091 2309 1190 Capitula
2382 1091 2729 1167 dictarum
2803 1089 3264 1169 Gnesnensis
3319 1105 3390 1168 et
3442 1093 3821 1190 Suffraga-

905 1240 1202 1293 nearum
1256 1217 1780 1310 Ecclesiarum,
1836 1217 2243 1313 respective
2283 1215 2773 1311 assignandiS,
2830 1217 2933 1291 ita
2968 1226 3047 1290 ut
3098 1217 3169 1290 in
3210 1217 3522 1312 singulis
3559 1240 3824 1292 earun-

907 1339 1071 1414 dem
1143 1337 1603 1414 Grnesnensis
1676 1345 1747 1412 et
1817 1334 2447 1434 suffraganearum
2529 1337 3021 1414 Ecclesiarum
3098 1346 3401 1434 quatuor
3472 1339 3831 1414 duntaxat

911 1460 1420 1554 Canonieatus,
1479 1471 1551 1535 et
1602 1462 1895 1536 totidem
1953 1461 2457 1554 praebendae,
2517 1462 2637 1557 qui
2694 1461 3068 1556 quibusvis
3122 1461 3337 1534 etiam
3393 1484 3531 1534 non
3586 1461 3825 1535 Nobi-

905 1585 1127 1678 libus,
1183 1583 1370 1658 alias
1429 1591 1710 1678 tamen,
1767 1591 1845 1656 nt
1898 1585 2320 1681 praefertur,
2380 1584 2811 1679 qualificatis
2864 1583 3211 1658 Personis
3266 1607 3451 1678 quae
3504 1583 3576 1657 in
3630 1583 3825 1681 ipsis

913 1704 1332 1780 Gnesnensi
1371 1714 1442 1779 et
1478 1701 1973 1799 suffraganeis
2027 1704 2388 1780 Ecclesiis
2442 1707 2870 1801 respective,
2928 1705 3065 1780 sub
3102 1728 3339 1802 poena
3391 1706 3827 1802 privationis

908 1851 1198 1904 suorum
1256 1826 1820 1903 Canonicatuum
1878 1836 1952 1901 et
2002 1825 2612 1919 Praebendarum,
2672 1827 2737 1901 si
2788 1850 2922 1927 per
2973 1835 3125 1901 tres
3176 1849 3467 1900 menses
3520 1829 3613 1902 ab
3666 1828 3823 1902 illis

904 1951 1243 2025 absentes
1280 1950 1563 2040 fuerint,
1620 1948 2099 2046 personaliter
2135 1948 2454 2023 residere
2492 1958 2888 2041 teneantur,
2950 1950 3260 2024 conferri
3313 1949 3615 2046 possint.
3674 1949 3819 2024 Ca-

904 2074 1133 2173 pitula
1205 2071 1611 2148 huiusmodi
1684 2072 2011 2169 recipere
2083 2079 2156 2145 et
2227 2069 2605 2145 admittere
2675 2079 3072 2166 teneantur,
3157 2072 3369 2144 etiam
3442 2079 3821 2168 praetextu

911 2216 1496 2292 quarumcunque
1533 2195 2051 2291 provisionum,
2106 2195 2521 2287 gratiarum,
2572 2194 3203 2290 expectativarum,
3242 2193 3665 2289 specialium
3700 2194 3822 2267 vel

915 2317 1384 2411 generalium,
1441 2317 2029 2408 reservationum,
2086 2315 2582 2390 mandatorum
2638 2317 2755 2389 vel
2806 2315 3175 2390 literarum
3229 2314 3819 2411 Apostolicarnm

918 2439 1130 2514 etiam
1169 2439 1708 2513 monitoriorum
1748 2439 2185 2534 poenalium,
2242 2446 2365 2511 aut
2402 2439 2830 2534 Apostolica
2884 2437 3305 2512 auctoritate
3362 2437 3818 2512 confirmata-

907 2540 1556 2658 rum,⁵primariam
1624 2583 1914 2658 precum
1973 2583 2103 2635 seu
2144 2559 2701 2633 nominationum
2756 2559 3248 2656 Imperatoris,
3305 2559 3615 2653 Regum,
3670 2559 3817 2634 Re-

907 2684 1280 2779 ginarum,
1347 2685 1661 2773 Ducum,
1718 2682 2257 2775 Marehionum,
2314 2681 2727 2778 Principum
2754 2737 2771 2772 ,
2832 2680 3332 2756 Praelatorum
3390 2689 3461 2756 et
3510 2682 3817 2755 aliorum

909 2805 1382 2880 Dominorum
1435 2804 2118 2878 Ecelesiasticorum
2172 2813 2247 2877 et
2300 2805 2773 2878 saecularium
2833 2804 3045 2878 etiam
3102 2812 3297 2878 motu
3352 2806 3683 2900 proprio,
3742 2811 3818 2876 et

910 2949 1004 3000 ex
1038 2935 1236 3000 certa
1273 2927 1596 3017 scientia,
1650 2950 1738 2999 ac
1774 2951 1864 2999 ex
1902 2927 2160 3022 quavis
2198 2949 2440 3017 causa,
2500 2925 3078 3001 consideratione
3113 2927 3234 3000 vel
3266 2926 3543 3016 intuitu,
3601 2926 3817 3000 etiam

909 3047 1186 3123 Jurium
1243 3071 1654 3142 cessorum,
1712 3048 1828 3121 vel
1885 3049 2328 3141 oblatorum,
2387 3058 2510 3124 aut
2562 3072 2695 3146 pro
2751 3047 3096 3123 sedandis
3150 3049 3398 3123 litibus
3452 3072 3583 3145 pro
3637 3056 3816 3122 tem·

912 3193 1090 3268 pore
1145 3169 1800 3264 concedendorum,
1857 3169 1951 3244 ad
2006 3153 2515 3267 Canonieatus,
2572 3171 3082 3265 praebendas,
3142 3170 3575 3265 Dignitates,
3636 3169 3814 3243 Per·

909 3302 1248 3388 sonatus,
1320 3292 2002 3369 Administrationes
2073 3296 2193 3368 vel
2250 3293 2515 3369 Officia
2586 3293 2996 3368 huiusmodi
3068 3292 3295 3389 recipi
3370 3303 3445 3367 et
3513 3292 3815 3384 admitti,

911 3438 1043 3490 seu
1097 3423 1476 3511 antequam
1524 3416 1616 3489 de
1651 3417 1802 3490 illis
1853 3416 2019 3491 aliis
2073 3438 2357 3513 quoque
2414 3416 2799 3490 Nobilibus
2854 3438 2946 3489 ex
3000 3423 3299 3509 utroque
3358 3414 3687 3506 Parente,
3746 3421 3820 3487 et

913 3538 1238 3641 legitimo
1293 3538 1744 3613 matrimonio
1800 3540 2242 3636 procreatis,
2318 3538 2599 3613 duobus
2660 3536 3040 3631 Magistris
3093 3538 3166 3609 in
3222 3535 3669 3632 Theologia,
3745 3542 3819 3609 et

912 3659 1194 3733 duobus
1239 3660 1313 3731 in
1352 3667 1652 3755 utroque
1708 3661 1828 3733 vel
1882 3660 2112 3734 altero
2166 3661 2447 3736 Jurium
2508 3660 2969 3752 Doctoribus,
3026 3666 3105 3733 ut
3156 3658 3577 3755 praefertur,
3634 3656 3816 3730 dun-

911 3788 1110 3855 taxat
1163 3783 1526 3878 exceptis,
1585 3780 1953 3879 provideri
2009 3784 2242 3879 possit
2295 3805 2429 3855 nec
2486 3782 2768 3855 debeat.
2861 3779 3017 3853 Nec
3072 3778 3688 3877 Archiepiscopus
3744 3785 3819 3851 et

915 3902 1270 4000 Episcopi
1306 3926 1436 4000 pro
1475 3913 1794 4000 tempore
1853 3905 2271 3998 existentes,
2330 3928 2415 3977 ac
2454 3903 2795 4002 Capitula
2850 3899 3305 3997 Gnesnensis
3342 3910 3415 3975 et
3448 3899 3817 3995 Suffraga-

909 4049 1202 4099 nearum
1259 4024 1752 4099 Ecclesiarnm
1807 4026 2259 4119 huiusmodi,
2318 4028 2527 4099 etiam
2585 4034 2959 4123 praetextu
3016 4046 3597 4119 quarumcunque
3647 4023 3814 4096 lite-

912 4172 1151 4221 rarum
1207 4145 1678 4243 Apostolicae
1725 4144 1960 4242 Sedis,
2022 4149 2142 4222 vel
2196 4149 2597 4241 legatorum
2656 4148 2979 4221 eiusdem
3040 4149 3250 4237 etiam
3308 4146 3815 4238 clausularum,

913 4278 1036 4342 aut
1089 4270 1175 4361 si,
1209 4268 1800 4367 ArehiepiscopO,
1860 4270 2233 4368 Episcopo
2290 4278 2361 4343 et
2414 4269 2770 4367 Capitulis
2828 4270 3173 4344 dictarum
3231 4267 3687 4343 Gnesnensis
3744 4275 3818 4340 et

913 4388 1540 4485 Suffraganearum
1624 4392 2161 4484 Ecclesiarum,
2246 4393 2365 4467 vel
2436 4393 2813 4488 quibusvis
2897 4392 3062 4466 aliis
3149 4392 3615 4465 communiter
3691 4389 3815 4463 vel

914 4511 1200 4585 divisim
1254 4514 1347 4585 ab
1402 4512 1650 4586 eadem
1708 4510 1900 4588 Sede
1957 4515 2052 4587 sit
2103 4514 2496 4605 indultum,
2566 4515 2753 4609 quod
2808 4514 2897 4587 ad
2954 4514 3435 4611 receptionem
3492 4511 3609 4586 vel
3646 4534 3813 4609 pro·

912 4634 1262 4708 visionem
1303 4634 1609 4708 alieuius
1649 4636 1936 4710 minime
1977 4644 2369 4729 teneantur,
2429 4644 2499 4709 et
2536 4634 2627 4709 ad
2664 4636 2793 4708 illa
2830 4635 3166 4732 compelli
3204 4645 3327 4710 aut
3364 4635 3553 4731 quod
3590 4634 3810 4709 inter-

915 4755 1082 4847 dici,
1139 4754 1487 4853 suspendi
1543 4757 1659 4830 vel
1714 4758 2309 4833 excommunicari
2369 4780 2509 4832 non
2565 4757 2870 4854 possint.
2942 4756 3297 4853 Quodque
3354 4756 3443 4831 de
3499 4754 3812 4830 Canoni-

915 4879 1196 4952 catibus
1251 4887 1322 4951 et
1358 4878 1830 4961 Praebendis,
1887 4880 2405 4976 DignitatibuS,
2461 4879 2996 4972 Personatibus,
3054 4878 3815 4953 Administrationibus

913 5001 1032 5074 vel
1088 4998 1406 5091 Officiis,
1465 5004 1779 5095 ipsarum
1833 5001 2352 5096 Ecclesiarum,
2412 5002 2530 5075 vel
2585 5002 2750 5075 aliis
2804 5000 3191 5075 Beneficiis
3244 5001 3811 5095 EcclesiasticiS,

914 5122 1007 5197 ad
1063 5144 1304 5196 eorum
1363 5122 1842 5216 collationem,
1902 5124 2410 5222 provisionem,
2467 5124 3148 5219 praesentationem,
3207 5122 3627 5196 electionem
3680 5144 3815 5198 seu

914 5244 1516 5342 quamvis'aliam
1555 5243 2126 5343 dispositionem,
2186 5246 2639 5337 coniunctim,
2696 5246 2815 5318 vel
2853 5247 3235 5343 separatim
3296 5245 3812 5343 spectantibuS,

915 5367 1094 5441 nulli
1145 5367 1388 5441 valeat
1439 5366 1802 5465 provideri
1859 5390 1992 5465 per
2044 5368 2291 5443 literas
2348 5368 2851 5465 Apostolicas,
2926 5392 3067 5444 non
3120 5369 3471 5445 facientes
3525 5368 3811 5467 plenam
