4055 6364
883 967 1114 1043 vilem³
1133 976 1232 1043 'et
1265 977 1548 1045 tenuem
1599 968 1817 1043 nimis
1865 974 2131 1060 texam,
2184 966 2523 1043 habendo
2573 974 2981 1065 respectum
3034 966 3127 1043 ad
3172 966 3550 1045 Ecclesias
3576 968 3797 1045 alias

883 1089 1214 1187 pluribus
1267 1089 1802 1166 conditionibus
1853 1090 2257 1179 inferiores,
2314 1089 2688 1164 restrictus
2738 1089 2995 1185 fuerat,
3050 1097 3124 1165 et
3162 1112 3293 1187 pro
3344 1091 3517 1167 vino
3566 1085 3835 1167 Prae-'

883 1212 1054 1287 latis
1089 1219 1162 1285 et
1197 1208 1592 1287 Canonieis
1627 1210 1870 1285 dando
1917 1210 2299 1309 plusquam
2354 1210 2641 1307 triplum
2697 1211 2877 1302 eius,
2934 1210 3129 1308 quod
3180 1212 3601 1289 solvebatur
3652 1235 3793 1309 pro

883 1332 1166 1432 Cappa,
1217 1334 1563 1411 inutiliter
1599 1342 1670 1409 et
1707 1356 2155 1431 supervacue
2192 1332 2763 1431 expendebatur:
2820 1332 3003 1429 Nos,
3055 1334 3179 1431 qui
3214 1332 3561 1433 qualitate
3610 1342 3797 1409 tem·-

887 1479 1136 1553 porum
1191 1464 1499 1554 pensata
1547 1456 1640 1530 a'd
1698 1456 2259 1531 summovendos
2330 1456 2581 1553 plures
2650 1455 3031 1531 Ecclesiae
3102 1464 3391 1533 nostrae
3462 1456 3797 1533 defectus

885 1586 956 1651 et
993 1578 1160 1676 plus
1213 1578 1432 1657 solita
1481 1578 1892 1654 incubenu'a
1945 1577 2247 1653 ferenda
2316 1600 2539 1654 onera
2590 1576 2974 1653 Aerarium
3034 1577 3421 1655 Ecclesiae
3470 1586 3793 1669 nostrae,

880 1700 1070 1797 quod
1125 1722 1356 1797 usque
1407 1700 1480 1774 in
1537 1698 1724 1775 diem
1779 1700 1966 1775 hanc
2017 1722 2153 1799 pro
2206 1700 2603 1797 repentinis
2654 1708 2729 1777 et
2780 1701 3043 1777 subitis
3094 1700 3410 1788 casibus,
3464 1700 3783 1777 necessi·

879 1822 1168 1917 tatibus,
1225 1821 1622 1899 commodis
1673 1832 1747 1897 et
1799 1822 2453 1920 opportunitatibus
2520 1822 3015 1920 praeferendis
3070 1830 3145 1897 et
3192 1820 3578 1919 explendis
3632 1821 3791 1897 nul·

880 1944 1024 2019 lum
1081 1944 1316 2019 extitit
1359 1952 1432 2019 et
1467 1945 1753 2043 penitus
1805 1968 2111 2020 vacuum
2160 1953 2233 2018 et
2270 1944 2655 2039 desertum,
2712 1945 3041 2043 cupimus
3094 1966 3370 2021 summo
3424 1942 3795 2023 desiderio

877 2066 1076 2141 refici
1148 2074 1219 2141 et
1287 2066 1364 2140 in
1433 2075 1640 2163 parte
1703 2066 1946 2163 aliqua
2023 2067 2367 2161 relevari,
2440 2065 3001 2143 venerabilibus
3069 2066 3451 2142 Fratribus
3520 2066 3799 2141 nostris

880 2187 1241 2264 Praelatis
1295 2196 1370 2261 et
1420 2187 1814 2264 Canonicis
1883 2186 2266 2265 Ecclesiae
2338 2187 2852 2265 Cracoviensis
2904 2189 3425 2265 ratificantibus
3446 2244 3465 2280 ,
3520 2210 3793 2285 appro-

879 2310 1258 2397 bantibus,
1312 2308 1776 2385 laudantibus
1827 2318 1900 2383 et
1953 2334 2227 2385 summe
2280 2310 2907 2403 comendantibus‚
2964 2310 3323 2386 contrario
3378 2306 3661 2387 Statuto
3710 2317 3797 2385 et

879 2432 1110 2505 veteri
1164 2432 1626 2507 observantia
1680 2440 1751 2507 et
1804 2432 2319 2507 consuetudine
2374 2432 2465 2509 de
2518 2442 2717 2509 certa
2770 2433 3074 2507 scientia
3134 2432 3529 2527 abrogatis.
3620 2428 3787 2535 3⁸⁸?

875 2554 1141 2630 tuimus
1211 2554 1580 2653 perpetuis
1647 2556 2095 2653 temporibus
2165 2553 2257 2630 de
2332 2564 2619 2631 caetero
2692 2554 3223 2631 observandum
3246 2612 3265 2648 ,
3342 2562 3419 2628 ut
3481 2553 3790 2651 quilibet

877 2677 1209 2753 novellus
1264 2677 1644 2753 Praelatus
1679 2684 1802 2751 aut
1837 2675 2273 2767 Canonicus,
2331 2678 2543 2751 etiam
2600 2677 2979 2772 regularis,
3035 2674 3127 2751 ad
3180 2676 3564 2767 abbatiam,
3621 2698 3789 2773 per-

877 2808 1246 2893 sonatum,
1305 2800 1616 2874 officium
1673 2800 1792 2873 vel
1844 2798 2330 2897 praebendam
2356 2856 2374 2891 ,
2432 2821 2857 2896 quocunque
2913 2797 3124 2874 modo
3178 2806 3301 2873 aut
3350 2797 3791 2873 authoritate

876 2922 1376 3011 assumendus,
1433 2920 1915 3000 admittendus
1951 2921 2071 2995 vel
2106 2920 2609 3014 installandus,
2666 2922 2878 2995 etiam
2918 2920 2981 3001 si
3018 2920 3365 3019 pacificus
3404 2943 3545 2995 non
3584 2930 3795 2995 esset

879 3052 952 3117 et
1001 3066 1216 3117 unum
1272 3043 1390 3117 vel
1447 3043 1692 3141 plures
1743 3042 2045 3135 haberet
2098 3043 2627 3139 competitores,
2684 3064 2815 3141 pro
2870 3040 3125 3139 Cappa
3181 3050 3253 3117 et
3288 3042 3457 3117 vino
3510 3038 3783 3117 duode-

876 3165 1013 3239 cim
1051 3164 1342 3240 Marcas
1379 3165 1774 3240 communis
1811 3154 2181 3263 pecuniae,
2222 3162 2605 3239 Ecclesiae
2641 3172 2931 3240 nostrae
2969 3162 3459 3255 Cracoviensi,
3497 3162 3782 3238 ratione

875 3286 924 3362 J
931 3289 1156 3363 urium
1211 3287 1618 3364 Ecclesiae·
1645 3296 1960 3377 nostrae,
2017 3287 2301 3361 solvere
2354 3287 2545 3362 iufra
2598 3288 2809 3362 unius
2860 3287 3133 3364 mensis
3188 3286 3525 3384 spatium,
3576 3309 3623 3358 a
3657 3285 3786 3358 die

875 3409 1312 3507 ret-eptionis
1363 3417 1439 3484 et
1489 3409 2006 3486 installatiouis
2060 3432 2235 3484 suae
2290 3408 2873 3506 computandums
2926 3407 3139 3498 Quod
3190 3409 3253 3484 si
3289 3409 3601 3505 aliquem
3654 3407 3785 3482 vel

876 3533 1162 3628 aliquos
1211 3533 1285 3607 in
1343 3532 1698 3610 solutione
1768 3531 2175 3606 huiusmodi
2246 3529 2624 3618 duodecim
2688 3554 3087 3609 marcarum
3142 3531 3598 3625 negligentes
3648 3537 3783 3606 aut

875 3663 1336 3730 contumaces
1389 3676 1556 3728 esse
1609 3653 2013 3748 contigerit,
2072 3661 2333 3728 extunc
2386 3653 2841 3728 decernimus
2874 3660 2969 3727 -et
3004 3652 3406 3746 statuimus,
3462 3659 3540 3726 ut
3594 3649 3779 3726 Pro-

876 3785 1162 3852 curator
1205 3773 1526 3872 Capituli
1559 3798 1692 3872 pro
1730 3787 2053 3871 tempore
2106 3775 2449 3864 existens,
2502 3775 2576 3848 iu
2614 3775 3071 3870 negligentes
3124 3797 3473 3850 censuras
3522 3781 3781 3848 aucto-

876 3897 1134 3974 rithate
1179 3895 1508 3994 Capituli
1561 3897 1922 3990 extendat,
1979 3918 2119 3969 non
2160 3896 2297 3970 nisi
2338 3897 2831 3974 satisfactione
2886 3905 3189 3994 accepta
3239 3893 3531 3972 easdem
3578 3893 3769 3970 rela-

877 4021 1308 4098 xatu1·us..A
1363 4019 1720 4096 solutione
1784 4042 1956 4094 vero
2011 4030 2085 4094 et
2136 4019 2603 4116 praestitione
2658 4021 2806 4093 vini
2859 4019 3163 4094 liberum
3219 4017 3609 4116 quemlibet
3658 4016 3777 4090 iu-

875 4142 1302 4216 stallaudum
1359 4165 1453 4216 ex
1507 4165 1692 4218 nune
1765 4141 2255 4233 decernimus,
2312 4149 2384 4214 ct
2436 4138 2787 4216 Statutum
2846 4149 2969 4215 aut
3022 4138 3605 4216 consuetudinem
3676 4137 3779 4214 de

875 4264 1227 4341 solvendo
1283 4263 1450 4338 vino
1500 4263 1572 4338 in
1629 4271 1847 4338 totum
1903 4262 2299 4354 abolemus,
2356 4261 2823 4339 dissolvimus
2860 4270 2932 4337 et
2966 4285 3363 4340 cassamus.
3416 4260 3782 4340 Volentes

877 4395 953 4462 ut
1005 4385 1354 4484 pecuniae
1405 4407 1546 4480 que
1598 4384 1768 4458 olim
1821 4383 2102 4480 private
2158 4383 2667 4470 deserviebant
2736 4385 3153 4460 necessitati
3224 4383 3340 4459 vel
3394 4382 3778 4480 voluptati,

875 4532 1240 4606 expensae
1293 4509 1368 4583 in
1420 4507 1696 4600 vinum,
1752 4505 1844 4580 de
1897 4514 2185 4580 caetero
2238 4505 2599 4602 publicam
2642 4507 2997 4604 expleant
3046 4507 3551 4583 necessitatem
3604 4526 3779 4578 cum

877 4631 1224 4728 profectu.
1313 4631 1392 4706 Is
1463 4627 1818 4726 siquidem
1887 4628 2145 4703 modus
2219 4628 2643 4725 compendio
2715 4651 2848 4705 suo
2918 4629 3119 4704 utilis
3182 4637 3255 4704 et
3308 4625 3781 4705 necessarius

873 4777 1006 4851 pro
1077 4751 1466 4828 reficiendo
1537 4751 1820 4826 aerario
1892 4761 2183 4825 nostrae
2250 4748 2626 4825 Ecclesiae
2696 4751 2900 4826 visus
2972 4760 3124 4844 est,
3201 4749 3325 4848 qui
3388 4757 3461 4824 et
3511 4748 3809 4838 dantes,-

873 4875 1205 4972 ampliori
1274 4872 1674 4950 adiectione
1729 4873 1969 4948 oneris
2022 4893 2165 4946 non
2218 4879 2595 4966 aggravat,
2654 4880 2727 4946 et
2777 4873 3155 4948 Aerarium
3206 4870 3587 4946 Ecclesiae
3638 4889 3809 4952 no-,

877 5005 1072 5074 strae
1123 4997 1196 5071 in
1235 4996 1604 5093 aliquanta
1658 5004 1864 5092 parte
1917 4995 2147 5070 reficit
2201 5001 2272 5068 et
2323 4995 2745 5092 impinguat.
2806 4993 3163 5068 Pecunias
3214 5001 3453 5068 autem
3507 4989 3783 5066 exinde

874 5118 1379 5216 provenientes
1433 5141 1572 5192 non
1612 5117 1842 5192 solum
1884 5141 2013 5214 pro
2051 5117 2557 5214 comparandis
2611 5115 2889 5212 Oappis
2938 5115 3275 5208 exigente
3330 5111 3777 5192 necessitate

875 5241 1198 5316 converti
1249 5219 1602 5332 volumus,
1659 5238 1790 5314 sed
1845 5239 2059 5315 etiam
2113 5239 2185 5312 in
2241 5239 2427 5313 alios
2481 5261 2945 5335 quoscunque
2998 5235 3452 5312 necessarios
3504 5256 3777 5328 urgen-
