4055 6364
771 1972 1614 2171 ,STATUTA
1706 1962 2876 2170 CAPITULARIA

315 2300 1080 2415 EGGLESIAE
1153 2293 2133 2413 CATHEDRALIS
2203 2290 3229 2415 GRAGOVIENSIS

1385 2542 1730 2641 Inprimis
1785 2542 1976 2618 edita
2029 2566 2162 2641 per

567 2754 654 2832 «T
655 2744 1327 2831 ohannem
1383 2751 2099 2833 Grothoms
2152 2756 2985 2849 Episcopum..

1462 3182 2089 3300 Prohemium.

527 3641 900 3720 Formavit
951 3642 1158 3719 Deus
1209 3642 1569 3719 hominem
1625 3642 1718 3718 ad
1772 3629 2157 3738 imaginem
2206 3650 2280 3718 et
2325 3641 2885 3720 similitudinem.
2941 3642 3225 3722 Prodiit

313 3757 774 3866 postmodum
826 3766 948 3841 lex
1001 3789 1132 3864 per
1184 3765 1496 3866 Moysen
1552 3764 1722 3841 data
1759 3772 1832 3841 et
1867 3765 2053 3842 alios
2105 3764 2535 3864 Prophetae,
2594 3765 2877 3842 demum
2933 3789 3221 3842 succes·

315 3889 418 3963 sit
468 3887 992 3983 Euangelium‚
1066 3886 1257 3985 quod
1311 3888 1488 3963 licet
1540 3913 1672 3987 per
1725 3887 2357 3984 Euangelistarum
2414 3888 2834 3986 praelucida
2888 3887 3229 3985 dogmata

314 4010 413 4086 ad
487 4011 810 4106 regimen
879 4009 1312 4086 universalis
1384 4009 1764 4085 Ecclesiae
1853 4010 2111 4086 diffuse
2178 4010 2620 4106 mirificeque
2700 4009 3215 4104 „luculentius“

315 4133 598 4208 claruit.
657 4132 847 4224 Quia
901 4140 1138 4207 tamen
1191 4131 1503 4207 humana
1556 4140 1813 4207 natura
1864 4155 2095 4231 prona
2148 4140 2261 4206 est
2313 4132 2405 4206 ad
2444 4133 2730 4227 malum,
2788 4140 2862 4206 et
2908 4131 3226 4229 quotidie

317 4278 552 4331 novas
605 4255 1040 4354 deproperat
1092 4253 1308 4328 edere
1354 4249 1667 4348 formas,
1715 4256 1925 4352 juxta
1975 4253 2158 4329 illud
2212 4253 2739 4329 Ecclesiastici:
2795 4255 2968 4329 fecit
3022 4251 3227 4331 Deus

309 4379 701 4474 hominem,
758 4386 832 4453 et
881 4377 1044 4475 ipse
1095 4375 1395 4451 infinitis
1447 4377 1738 4451 miscuit
1787 4399 1868 4451 se
1907 4375 2473 4472 quaestionibus,
2530 4383 2825 4473 propter
2877 4377 3221 4454 malitiam

313 4501 678 4576 hominum
733 4501 1000 4574 factum
1055 4507 1189 4594 est,
1245 4505 1324 4573 ut
1373 4498 1584 4596 plura
1640 4498 1785 4573 sint
1836 4499 2131 4594 negotia
2184 4522 2395 4596 quam
2450 4497 2829 4573 vocabula.
2906 4480 3233 4595 Ideoque

313 4647 480 4698 cum
533 4623 654 4698 lex
705 4644 848 4697 non
903 4619 1267 4696 videretur
1320 4620 1656 4696 sufficere
1704 4621 1797 4696 ad
1835 4619 2429 4717 emergendarum
2484 4643 2861 4696 causarum
2918 4620 3223 4698 decisio-

312 4769 452 4820 nes
487 4745 797 4820 humana
831 4741 1017 4819 Jura
1050 4743 1346 4818 inventa
1381 4751 1571 4838 sunt,
1629 4750 1707 4818 ut
1743 4765 1877 4841 per
1914 4766 2001 4817 ea
2038 4749 2453 4818 coerceatur
2499 4741 2863 4817 hominum
2905 4741 3209 4820 audacia

311 4876 474 4944 tuta
523 4867 620 4941 sit
684 4867 875 4941 inter
939 4865 1312 4964 improbos
1379 4865 1826 4961 innocentia,
1901 4875 1972 4941 et
2034 4873 2110 4940 ut
2160 4848 2493 4940 homines
2561 4864 2845 4938 discant
2910 4863 3214 4942 honeste

312 4992 563 5066 vivere
584 5049 602 5085 ,
675 4989 977 5092 alterum
1031 5011 1176 5062 non
1227 4987 1542 5083 laedere,
1591 4991 1717 5084 jus
1771 5012 1976 5064 suum
2030 4987 2412 5085 uuicuique
2466 4987 2821 5083 tribuere,
2879 4987 3213 5086 quodque

314 5114 492 5190 boni
560 5113 748 5186 inter
812 5111 1046 5186 malos
1119 5111 1356 5210 quiete
1430 5112 1716 5204 vivant,
1774 5120 1846 5187 et
1898 5111 2141 5186 nullus
2212 5107 2645 5186 authoritate
2715 5109 3008 5207 propria
3080 5107 3223 5186 sibi

313 5241 734 5336 praesumat
786 5255 1068 5309 sumere
1121 5233 1487 5309 ultionem.
1545 5232 1738 5310 Sane
1775 5258 1936 5309 cum
1974 5259 2018 5308 a
2054 5234 2299 5308 multis
2351 5233 2730 5309 retroactis
2776 5232 3220 5331 temporibus

315 5382 454 5459 per
503 5357 841 5454 antiquas
891 5379 1082 5432 nunc
1135 5382 1309 5432 vero
1367 5380 1494 5456 per
1549 5356 1929 5432 modernas
1983 5355 2599 5451 Consuetudines‚
2658 5354 3227 5430 Constitutiones

2877 5474 2912 5538 1
