4055 6364
1381 742 1953 823 -107—

243 954 473 1028 herent
533 951 607 1025 in
691 955 1134 1049 exequendis
1187 957 1397 1033 novis
1447 954 2070 1055 impetrationibus
2121 952 2567 1052 Apostolicis
2590 1010 2606 1039 ,
2682 978 2866 1051 quae
2921 978 3127 1053 prae-

246 1074 415 1151 dicto
463 1075 751 1152 Indulto
804 1077 1237 1176 Apostolico
1314 1078 1758 1178 temporibus
1826 1076 2065 1151 felicis
2135 1077 2656 1151 recordationis
2726 1078 3000 1153 Leonis
3052 1078 3129 1153 X

246 1204 306 1271 et
335 1194 718 1273 Clementis
754 1197 907 1273 VH
959 1200 1450 1277 Romanorum
1503 1198 1960 1295 Pontificum,
2015 1198 2326 1275 instante
2364 1198 2530 1299 piae
2567 1200 2954 1276 memoriae
3008 1198 3121 1275 Si·-

243 1316 595 1412 gismundo
650 1320 894 1395 Primo
947 1318 1300 1398 Poloniae
1355 1323 1606 1418 Rege,
1665 1322 1980 1412 obtent0,
2039 1319 2412 1396 adversari
2469 1321 2904 1397 viderentur.
2960 1321 3125 1397 Hac

243 1440 438 1536 igitur
488 1444 1002 1539 protestatione
1055 1445 1269 1539 facta,
1327 1444 1814 1520 concordibus
1852 1443 2043 1517 votis
2082 1444 2341 1518 futuris
2395 1444 2842 1542 temporibus
2877 1444 3124 1520 obser-

243 1561 521 1639 vandum
578 1564 1085 1641 decreverunt:
1142 1567 1733 1664 Quotiescunque
1787 1566 2333 1664 impetrationes
2384 1564 2856 1664 Apostolicae
2910 1588 3130 1665 super

240 1686 631 1784 recipiendo
695 1688 942 1785 aliquo
994 1690 1072 1763 in
1127 1690 1538 1765 Praelatum
1614 1712 1744 1764 seu
1817 1685 2263 1763 Canonicum
2336 1685 2935 1781 cracoviensem,
3007 1686 3131 1761 vel

240 1806 350 1881 alii
398 1809 800 1907 quicunque
854 1835 1247 1909 processus
1302 1836 1393 1886 ex
1446 1810 1668 1887 Curia
1720 1810 2053 1885 Romana
2106 1817 2230 1885 aut
2282 1810 2572 1885 aliunde
2638 1811 2851 1886 etiam
2904 1834 2951 1885 a
3004 1810 3129 1885 de-

239 1929 480 2025 legatis
529 1934 956 2030 apostolicis
1008 1935 1084 2009 in
1137 1933 1476 2031 Capitulo
1531 1933 1863 2032 producti
1920 1940 1992 2007 et
2023 1932 2339 2007 intimati
2389 1934 2671 2027 fuerint,
2728 1934 3127 2029 requirere-

239 2060 504 2150 turque,
559 2063 640 2130 ut
691 2054 784 2130 ad
839 2056 1329 2133 executionem
1394 2057 1758 2131 literarum
1815 2056 2169 2130 eiusmodi
2220 2053 2661 2132 Venerabile
2717 2054 3126 2155 Capitulum

239 2176 660 2273 procederet,
715 2186 884 2253 tunc
918 2187 1198 2256 matura
1233 2179 1753 2255 deliberatione
1789 2178 2004 2271 facta,
2063 2178 2124 2251 si
2162 2176 2439 2269 literae,
2488 2177 2579 2251 de
2616 2200 2917 2273 quarum
2954 2200 3123 2253 exe-

242 2298 499 2375 cutione
551 2302 1010 2397 tractabitur,
1069 2302 1467 2399 praefatum
1524 2301 1892 2398 antiquum
1945 2298 2312 2375 Indultum
2366 2297 2869 2398 Apostolicam
2924 2322 3125 2375 ener-

241 2443 416 2512 vare,
465 2445 550 2496 ac
603 2422 714 2499 illi
768 2432 841 2499 et
894 2422 1196 2500 Statutis
1249 2423 1488 2519 Regni
1561 2444 1988 2519 quocunque
2045 2421 2257 2497 modo
2330 2420 2707 2497 adversari
2780 2420 3128 2497 videbun-

239 2550 372 2636 tur,
439 2568 578 2619 non
634 2570 768 2645 per
817 2546 1104 2622 modum
1158 2546 1604 2633 reiectionis,
1680 2544 1810 2620 scd
1869 2544 2334 2620 instruendae
2388 2541 2601 2619 Sedis
2654 2542 3128 2642 Apostolicae

239 2687 460 2761 causa,
515 2677 592 2743 ut
645 2670 976 2745 omnibus
1031 2668 1530 2744 exorbitantiis
1585 2675 1656 2744 et
1709 2667 2113 2763 scandalis,
2172 2691 2357 2764 quae
2410 2666 2581 2741 inde
2634 2666 2901 2741 exoriri
2956 2688 3129 2763 pos-

239 2787 396 2883 sint,
463 2799 898 2880 occurretur,
972 2816 1104 2888 per
1157 2790 1443 2867 modum
1519 2814 1648 2867 seu
1700 2791 1773 2865 in
1830 2792 2064 2865 forma
2138 2788 2689 2887 supplicationis
2760 2788 3125 2883 negotium

239 2910 368 2987 tale
419 2912 508 2987 ad
565 2910 904 2988 Sanctam
961 2911 1221 2988 Sedem
1277 2912 1775 3011 Apostolicam
1817 2938 1948 3012 pro
1983 2913 2575 3010 interpretatione
2627 2912 3128 2988 remittendum

239 3042 672 3130 censuerunt,
730 3036 935 3110 cuius
972 3036 1550 3134 superioritatem
1587 3035 2188 3134 quemadmodum
2224 3033 2666 3111 Venerabile
2712 3032 3127 3131 Capitulum

237 3153 524 3232 libenter
590 3158 962 3254 agnoscit,
1037 3158 1140 3233 ita
1208 3157 1442 3256 ipsius
1513 3159 1850 3234 mandata
1923 3159 2182 3256 exequi
2245 3180 2534 3256 semper
2608 3164 2719 3232 est
2772 3163 3127 3255 paratum.

239 3276 599 3356 Caeterum
639 3282 713 3355 in
753 3289 1084 3356 eventum
1121 3282 1574 3357 remissionis
1609 3284 1982 3380 praefatae
2036 3280 2717 3356 Reverendissimus
2769 3280 3130 3356 Dominus

237 3412 467 3479 noster
516 3402 702 3478 Loci
756 3402 1184 3482 Ordinarius
1238 3429 1372 3504 pro
1425 3411 1750 3502 tempore
1805 3405 2164 3498 existens,
2240 3411 2386 3478 tam
2443 3410 2517 3478 et
2564 3403 2632 3478 is
2686 3403 2804 3478 cui
2856 3401 2948 3477 de
3001 3403 3125 3478 be-

235 3525 478 3600 neficio
531 3526 1072 3621 ecclesiastico,
1131 3527 1222 3602 de
1275 3550 1418 3624 quo
1482 3528 1924 3620 tractabitur,
2002 3523 2434 3602 authoritate
2489 3525 2856 3602 ordinaria
2909 3523 3127 3599 modo

235 3649 620 3742 praemisso
676 3649 1039 3746 provisum
1093 3650 1327 3745 fuerit,
1384 3673 1678 3748 operam
1734 3657 1805 3723 et
1855 3650 2255 3746 impensam
2320 3670 2601 3723 omnem
2654 3647 3129 3746 praestabunt

235 3767 300 3842 in
349 3767 568 3846 Curia
621 3770 969 3865 Romana,
1027 3779 1100 3846 et
1152 3795 1442 3847 causam
1500 3771 2084 3869 praenominatae
2138 3771 2589 3846 remissionis
2641 3770 2927 3846 nomine
2982 3765 3125 3842 Ca—

233 3889 429 3986 pituli
484 3916 612 3991 per
665 3891 1209 3992 Plenipotentes
1261 3892 1565 3969 idoneos
1638 3893 2163 3992 promovebunt
2216 3900 2287 3967 et
2342 3893 2847 3990 explicabunt,
2920 3899 2999 3965 ut
3048 3890 3124 3963 in

235 4015 552 4091 omnibus
607 4023 682 4089 et
731 4040 865 4113 per
915 4017 1154 4090 omnia
1206 4016 1346 4092 hac
1399 4017 1473 4090 in
1528 4024 1732 4113 parte
1783 4014 2249 4090 Venerabilis
2314 4013 2632 4112 Capituli
2688 4011 3123 4088 Cracovien-

235 4135 330 4212 sis
359 4134 810 4211 indemnitati
845 4137 1280 4212 consulatur.
1335 4137 1552 4228 Quod
1593 4139 1876 4235 quidem
1916 4161 2266 4237 praesens
2302 4137 2766 4214 Venerabilis
2805 4133 3125 4233 Capituli

235 4253 736 4334 cracoviensis
787 4260 1175 4334 Decretum
1210 4260 1286 4332 in
1325 4262 1656 4336 omnibus
1703 4262 1985 4359 punctis
2038 4260 2719 4336 Reverendissimus
2768 4259 3125 4334 Dominus

233 4379 668 4457 Franciscus
718 4379 1121 4456 Krasinski
1175 4381 1593 4479 Episccpus
1648 4380 2162 4459 Cracoviensis
2215 4381 2526 4456 feliciter
2576 4379 2987 4475 modernus,
3042 4403 3126 4456 se

233 4511 676 4578 servaturum
728 4510 802 4579 et
853 4527 988 4601 pro
1057 4510 1379 4602 tempore
1447 4504 1842 4578 existentes
1913 4500 2396 4578 Successores
2467 4524 2639 4578 suos
2710 4501 3125 4601 Episcopus

235 4623 754 4703 Cracovienses
806 4625 1258 4700 sanctissime
1297 4633 1368 4698 et
1401 4624 1916 4700 inviolabiliter
1969 4633 2387 4700 servaturos
2434 4623 2785 4723 promisit,
2840 4648 2928 4700 ac
2982 4622 3123 4700 Or-

235 4747 660 4825 dinationem
729 4745 1139 4824 huiusmodi
1207 4746 1572 4823 ordinaria
1656 4748 2085 4823 authoritate
2158 4746 2703 4846 approbandam
2775 4744 2979 4822 duxit
3052 4752 3126 4820 et

233 4872 680 4970 approbavit.
