4055 6364
1393 722 1908 821 -092

235 953 602 1031 communia
653 960 729 1029 et
779 976 926 1030 non
995 952 1313 1053 privata:
1386 953 1634 1051 itaque
1683 954 1761 1028 in
1815 974 2062 1029 eorum
2116 970 2292 1029 cura
2344 962 2419 1029 et
2468 951 2891 1031 melioribus
2940 972 3111 1030 eon-

235 1078 590 1154 ditionibus
639 1076 999 1152 faciendis
1051 1077 1395 1175 occupari
1447 1099 1593 1152 non
1627 1074 1825 1152 aliud
1863 1084 1996 1171 est,
2056 1100 2267 1174 quam
2304 1076 2673 1171 negotium
2728 1076 3109 1157 Ecclesiae

235 1222 445 1297 agere,
497 1206 570 1273 et
601 1198 705 1273 ita
739 1199 958 1274 talem
1013 1199 1406 1295 quemlibet
1459 1198 2085 1274 distributionibus
2138 1198 2523 1274 Ecclesiae
2560 1198 2895 1275 omnibus
2934 1220 3109 1296 gau·

237 1320 384 1396 dere
427 1321 719 1397 debere.
811 1319 928 1396 Eo
982 1320 1238 1395 saltem
1293 1321 1633 1419 proviso,
1690 1329 1769 1397 ut
1823 1323 1957 1397 sub
2019 1322 2151 1399 tali
2201 1328 2581 1421 praetextu
2632 1320 2931 1397 Domini
2982 1342 3115 1419 per

235 1444 356 1519 alia
399 1444 560 1517 loca
596 1448 670 1518 et
705 1442 874 1518 aliis
925 1442 1180 1518 intenti
1231 1442 1350 1517 vel
1405 1443 1738 1541 occupati
1789 1445 2129 1539 negotiis,
2185 1444 2322 1519 sub
2365 1444 2575 1539 gravi
2628 1458 2866 1542 poena
2916 1444 3107 1519 arbi·
3154 1452 3160 1457 '

231 1566 346 1642 trio
391 1565 858 1641 Dominorum
911 1572 1164 1641 contra
1219 1586 1432 1641 secus
1500 1566 1856 1641 facientes
1910 1574 1982 1642 et
2037 1567 2410 1643 convictos
2482 1564 2896 1662 statuenda,
2963 1576 3107 1641 non

232 1688 625 1784 divagentur
677 1710 912 1785 neque
965 1689 1317 1769 cursitare
1371 1686 1702 1764 audeant.

1515 1998 1830 2100 CXIX.

727 2206 1200 2293 Protestatio
1256 2209 1531 2291 contra
1583 2206 2082 2309 praemissum
2142 2206 2565 2289 Decretum.

407 2419 1006 2519 Repugnantibus
1085 2418 1547 2493 nihilominus
1628 2425 1703 2493 et
1773 2416 2437 2493 contradicentibus
2518 2418 2586 2492 ei
2658 2416 3109 2493 conclusioni

225 2540 646 2617 Reverendis
719 2542 1056 2617 Dominis
1135 2542 1453 2616 Doctore
1536 2538 2002 2635 Sigismundo
2075 2563 2120 2615 a
2190 2542 2505 2641 Stezyca
2574 2548 2647 2616 et
2714 2538 3109 2614 Valentino

223 2662 666 2740 Kuczborski
719 2662 1131 2759 Canonicis‚
1192 2671 1265 2738 et
1318 2664 1532 2738 etiam
1588 2662 1916 2759 sequenti
1971 2660 2311 2761 Capitulo
2365 2659 2801 2738 Reverendo
2852 2659 3105 2735 Domi—

223 2808 306 2860 no
351 2786 639 2863 Andrea
690 2786 1114 2861 Kraiewski
1170 2784 1730 2879 Archidiacono,
1789 2792 2042 2859 contra
2094 2808 2253 2860 eam
2332 2785 2870 2862 conclusionem
2939 2804 3106 2883 pro-

221 2910 664 2985 testantibus:
723 2906 914 3006 quod
960 2909 1057 2984 sit
1109 2916 1359 3007 aperte
1411 2908 1554 2984 iuri
1606 2906 1898 3006 publico
1965 2914 2039 2983 et
2090 2908 2429 2984 Decretis
2483 2905 2911 2983 Sanctorum
2962 2906 3105 2981 Pa-

222 3038 384 3109 trum
433 3056 624 3109 mere
679 3032 1081 3124 contraria,
1135 3039 1214 3107 ut
1266 3031 1430 3128 quis
1485 3030 1868 3105 Praelatus
1922 3036 1994 3105 et
2049 3028 2466 3107 Canonicus
2528 3018 2729 3106 nullo
2780 3028 3106 3124 legitimo

221 3155 704 3254 impedimento
755 3155 850 3230 ab
897 3153 1238 3260 Ecclesia
1291 3155 1581 3248 absens,
1639 3151 2265 3229 distributionibus
2318 3152 2754 3252 participare
2809 3150 3103 3251 debeat3

221 3277 514 3376 alioquin
565 3278 810 3354 taliter
871 3278 1286 3377 percipiens
1337 3279 1615 3352 fructus
1667 3300 1811 3351 non
1863 3276 2040 3351 facit
2092 3299 2307 3372 suos,
2378 3281 2663 3352 tenetur
2712 3273 2808 3350 ad
2860 3291 3105 3350 eorum

219 3401 736 3494 restitutionem,
793 3423 1050 3497 neque.
1081 3400 1593 3475 eleemosinam
1649 3421 1741 3474 ex
1794 3398 2035 3474 taliter
2087 3399 2454 3498 perceptis
2504 3399 2773 3478 factam
2826 3395 3104 3493 aliquid

58 3499 63 3516 ³
219 3523 391 3624 apud
439 3525 676 3600 Deum
731 3523 1020 3620 m0r0fi3
1075 3523 1320 3621 itaque
1375 3545 1463 3598 ea
1513 3522 1754 3602 omnia
1805 3519 2015 3598 Actis
2068 3520 2188 3597 his
2236 3519 2699 3598 inscribenda
2758 3533 2921 3594 esse
2973 3529 3101 3593 vo-

58 3641 61 3746 }
218 3646 481 3726 luerunt
529 3655 603 3724 et
653 3646 1195 3723 mandaverunt.

1513 3849 1784 3952 CXX.

221 4057 313 4147 ne
365 4062 613 4149 tiberis
687 4065 1002 4167 pascuis
1071 4059 1412 4182 vittarum
1487 4059 1870 4159 Gustum,
1945 4061 2382 4162 zanorzyee
2437 4058 2520 4141 et
2570 4043 2823 4157 Tanis.
2894 4059 3102 4141 Anno

1099 4183 1370 4267 nomint
1427 4183 1634 4296 1572.
1692 4183 1819 4266 Dle
1877 4181 1952 4266 12
2008 4181 2197 4264 Hali.

401 4377 584 4454 Cum
639 4379 732 4454 de
768 4399 1198 4478 pascuorum
1237 4378 1571 4454 libertate
1605 4377 1794 4452 inter
1825 4345 2312 4453 haereditates
2348 4373 2705 4450 Villarnm
2760 4369 3103 4450 Groszcza

58 4537 60 4590 ζ
215 4503 636 4600 capitularis,
693 4501 1032 4598 illiusque
1104 4499 1503 4594 Regentem
1560 4499 1949 4575 Dominum
2023 4497 2425 4592 Zbigneum
2498 4493 2957 4572 Ziolkowski
3011 4515 3103 4570 ex

212 4645 359 4717 una,
411 4633 486 4700 et
518 4623 758 4700 Villas
811 4623 1237 4720 Zagorzyce
1275 4629 1346 4696 et
1382 4621 1876 4696 Przestansko
1912 4617 2274 4696 Abbatiae
2326 4616 2922 4712 Andreoviensis‚
2981 4625 3099 4693 ea·

212 4765 489 4843 rumque
524 4746 953 4822 tenutarium
1006 4741 1510 4818 Reverendnm
1565 4743 1954 4818 Dominum
2011 4740 2398 4834 Kiiewski,
2455 4738 2868 4816 Canonicos
2920 4735 3099 4815 Cra·

58 4885 60 4964 3
213 4869 597 4964 covienses,
655 4891 746 4944 ex
791 4867 938 4943 alia
972 4866 1321 4966 partibus,
1377 4866 1477 4940 ita
1531 4873 1730 4941 esset
1771 4866 1847 4940 in
1882 4863 2235 4940 hodierno
2292 4861 2696 4961 Capitulari
2750 4881 3100 4938 consessu

215 4993 558 5086 quaestio,
630 4991 735 5066 ita
787 4989 1165 5083 videlieet,
1234 4988 1425 5087 quod
1481 4989 1717 5064 dictus
1781 4989 2139 5064 Dominus
2210 4983 2581 5061 Kiiewski
2636 4991 2933 5081 questus
2986 4990 3099 5058 est

58 5135 61 5142 ·
215 5119 444 5189 eontra
495 5112 886 5190 Dominum
938 5111 1432 5207 Ziolkowski‚
1488 5111 1681 5208 quod
1733 5111 1894 5210 ipse
1948 5130 2081 5208 per
2134 5129 2341 5185 suum
2392 5107 2741 5183 factorem
2796 5105 2887 5180 de
2942 5101 3095 5180 Go-

217 5245 412 5311 szeza
462 5249 729 5336 pecora
786 5243 860 5311 et
908 5234 1228 5334 pecudes
1284 5234 1516 5333 ipsius
1567 5231 1811 5309 Villae
1881 5231 2311 5330 Zagortyce
2382 5228 2751 5304 sterilibus
2821 5225 3097 5323 campis

58 5441 61 5476 Ι
211 5356 563 5457 plurisque
615 5357 910 5458 pascuis
963 5358 1222 5432 abacta
1256 5356 1331 5431 in
1374 5354 1570 5431 curia
1624 5353 1891 5430 diutius
1942 5353 2295 5430 tenuisset
2330 5358 2404 5427 et
2436 5355 2874 5426 macerasset
2924 5353 3093 5422 con-
