4055 6364
1391 753 1962 828 —191—

199 967 416 1036 'tanto
471 961 782 1059 amplius
836 961 930 1035 ad
983 961 1060 1036 id
1115 962 1534 1053 excitentur,
1594 960 1682 1034 de
1737 984 2093 1036 consensu
2150 962 2537 1036 eorundem
2583 961 2913 1037 Fratrum
2970 969 3113 1036 sta-

209 1083 480 1158 tuimus
533 1092 607 1156 et
642 1082 1094 1158 decernimus
1131 1083 1498 1181 perpetuis
1536 1084 1980 1180 temporibus
2017 1083 2583 1158 observandum:
2640 1093 2719 1158 ut
2771 1083 3117 1180 quidquid

220 1229 314 1280 cx
367 1205 771 1280 redditibus
824 1229 956 1302 pro
1009 1205 1318 1300 figurato
1357 1203 1685 1279 Musicae
1741 1215 1954 1278 cantu
2007 1228 2053 1277 a
2088 1204 2323 1278 Nobis
2378 1206 2449 1278 in
2490 1204 2827 1280 Ecclesia
2882 1214 3126 1281 nostra

213 1327 570 1422 instituto,
626 1335 794 1425 post
845 1327 1192 1402 rationem
1248 1329 1512 1400 factam
1567 1328 1931 1401 annuatim
1992 1327 2445 1424 superfuerit,
2504 1329 2797 1424 proviso
2860 1336 3123 1419 tamen,

215 1455 294 1522 ut
347 1446 706 1524 Cantores
743 1448 1008 1523 Musici
1072 1459 1143 1524 et
1193 1472 1374 1523 voce
1429 1457 1502 1522 et
1551 1448 2043 1548 instrumentis
2098 1456 2439 1522 canentes
2492 1450 2564 1523 in
2621 1450 2857 1545 pleno,
2915 1449 3127 1524 sicuti

214 1569 310 1644 ad
365 1593 718 1666 praesens
773 1579 906 1659 est,
961 1592 1256 1644 numero
1314 1577 1385 1643 et
1437 1569 1689 1643 ordine
1741 1569 2163 1662 habeantur,
2221 1571 2409 1665 quod
2465 1571 2637 1645 fidei
2707 1579 2778 1645 et
2842 1570 3123 1646 consci-

217 1692 455 1766 entiae
508 1691 972 1767 Venerabilis
1025 1689 1343 1789 Capituli
1398 1692 1886 1785 committitur,
1959 1700 2179 1766 totum
2254 1692 2329 1766 id
2397 1694 2471 1768 in
2548 1692 3113 1768 consolationem

219 1835 506 1908 eorum,
562 1814 685 1911 qui
736 1813 826 1888 ad
882 1813 1327 1913 praedictum
1379 1813 1678 1888 Festum
1735 1821 1806 1888 et
1856 1815 2201 1909 generale
2256 1813 2666 1913 Capitulum
2711 1814 2814 1895 ,ad
2866 1814 3119 1890 Eccle-

217 1935 402 2009 siam
456 1935 804 2030 venerint,
861 1934 1093 2030 cedat,
1150 1935 1639 2032 postridieque
1695 1935 2016 2010 eiusdem
2051 1935 2259 2010 Festi
2294 1936 2529 2010 Missa
2563 1936 2808 2010 votiva
2864 1935 2955 2010 de
3003 1957 3125 2008 eo·

217 2057 382 2131 dem
439 2053 706 2132 Sancto
761 2081 922 2134 cum
977 2058 1676 2152 commemoratione,
1733 2056 2035 2132 durante
2091 2057 2376 2154 quidem
2432 2059 2581 2131 vita
2632 2066 2910 2153 nostra,
2968 2080 3126 2131 cum

220 2177 557 2255 Collecta
608 2203 741 2277 pro
793 2180 1148 2278 peccatis,
1207 2187 1374 2277 post
1435 2179 1707 2255 obitum
1763 2203 1938 2255 vero
1992 2189 2336 2274 nostrum,
2394 2203 2553 2254 cum
2608 2178 2937 2254 Collecta
2992 2200 3123 2275 pro

223 2301 567 2376 defuncto
604 2301 998 2400 Episcopo,
1054 2302 1148 2375 ab
1201 2303 1460 2376 iisdem
1516 2300 1879 2376 Praelatis
1935 2310 2006 2376 et
2042 2301 2431 2376 Canonicis
2486 2303 2932 2397 decantetur;
2988 2324 3119 2397 per

219 2423 416 2518 quod
496 2420 850 2507 Statutum
933 2423 1404 2518 Privilegium
1477 2431 1803 2500 nostrum
1876 2449 2008 2522 pro
2064 2425 2368 2500 Musicis
2438 2446 2863 2500 concessum
2935 2422 3131 2497 sicut.

215 2546 722 2643 praemittitur,
781 2547 1287 2622 declarandum
1343 2569 1508 2621 esse
1566 2546 1922 2622 duximus.
1977 2545 2240 2621 Actum
2294 2547 2368 2620 in
2426 2544 2762 2642 Capitulo
2804 2542 3131 2638 generali

221 2692 359 2764 pro
413 2667 639 2742 Festo
693 2667 1228 2742 Translationis
1283 2665 1358 2742 S.
1417 2664 1763 2743 Stanislai
1820 2669 2213 2762 celebrato,
2271 2668 2387 2742 die
2443 2675 2703 2743 octava
2758 2663 3122 2758 Octobris,

225 2787 449 2864 Anno
502 2789 798 2865 Domini
851 2789 1072 2864 MDC
1129 2789 1406 2864 decimo
1459 2813 1674 2864 nono.

279 2937 282 2942 ·
1807 2911 2164 2988 Martinus
2218 2909 2749 3010 Szyszkowski

1535 3034 1949 3132 Episcopus
2004 3031 2517 3108 Cracoviensis
2570 3033 3027 3130 subscripsit.

1401 3345 1962 3446 CCXXXIV.

752 3554 854 3635 De
912 3554 1309 3653 neputatis
1362 3553 1776 3637 'tribunalis
1832 3552 2079 3653 Regni.
2135 3552 2343 3634 Anno
2400 3553 2615 3635 1628.

439 3763 630 3855 Quia
682 3750 1102 3862 plerumque
1156 3765 1478 3839 Praelati
1531 3773 1602 3840 et
1654 3763 2004 3839 Canonici
2060 3764 2550 3839 Ecclesiamm
2607 3764 3120 3841 cathedralium

225 3908 415 3963 onus
469 3886 951 3982 deputationis
1004 3885 1439 3962 Iudiciorum
1494 3886 1914 3961 Tribunalis
1965 3886 2206 3981 Regni
2258 3894 2624 3981 recusant,
2692 3888 2936 3961 statuit
2990 3884 3125 3986 Sy-

227 4008 490 4102 nodus,
545 4016 624 4082 ut
657 4008 849 4102 quod
903 4006 1252 4083 hactenus
1287 4009 1362 4082 in
1401 4010 1762 4085 nonnullis
1808 4010 2168 4083 Ecclesiis
2205 4017 2565 4083 servatum
2604 4018 2735 4101 est,
2789 4008 2861 4081 in
2904 4010 3128 4083 omni-

227 4132 370 4206 bus
422 4130 496 4203 in
557 4140 924 4228 posterum
988 4138 1341 4205 servetur:
1427 4139 1502 4205 ut
1576 4132 1904 4206 nimirum
1975 4133 2053 4205 in
2126 4131 2410 4206 defectu
2464 4130 2961 4204 Praelatorum
3014 4132 3135 4205 vel

231 4250 772 4327 canonicorum
827 4251 1366 4346 cathedralium,
1406 4251 1732 4328 Abbates
1767 4253 2089 4327 eiusdem
2114 4252 2513 4327 'Dioecesis
2569 4252 2728 4327 sive
2764 4251 2925 4347 soli,
2984 4256 3135 4327 sive

201 4398 392 4450 -cum
469 4373 808 4450 adiuncto
862 4373 1201 4449 Praelato
1273 4375 1391 4449 vel
1443 4374 1851 4468 Canonico,
1917 4376 1993 4449 in
2064 4376 2505 4472 Deputatum
2587 4373 2761 4468 eligi
2833 4374 3136 4471 possint.

231 4494 333 4573 Et
386 4496 558 4593 quia
615 4495 705 4570 de
743 4480 1188 4591 negligentia
1239 4505 1311 4571 et
1361 4498 1690 4573 absentia
1727 4498 2244 4595 Deputatorum
2281 4498 2756 4595 spiritualium
2813 4520 2953 4572 non
3008 4519 3129 4571 so-

227 4618 384 4695 lum
439 4616 732 4713 Clerus,
806 4619 936 4694 sed
1008 4620 1222 4695 etiam
1277 4617 1706 4695 Saeculares
1779 4629 2308 4717 conqueruntur
2380 4644 2632 4717 saepe,
2707 4618 3140 4716 Causaeque

233 4741 622 4839 compositi
688 4740 938 4816 iudicii
1008 4766 1167 4817 cum
1225 4766 1487 4837 magno
1563 4743 1822 4817 damno
1895 4751 1966 4817 et
2040 4742 2302 4817 iniuria
2353 4741 2717 4817 hominum
2788 4742 3133 4817 intermit-

235 4872 519 4958 tuntur3
586 4860 926 4960 Synodus
979 4887 1328 4961 praesens
1398 4866 1692 4940 innovat
1743 4862 2344 4940 Constitutionem
2401 4861 2983 4939 Grembicianam:
3058 4873 3135 4939 ut

235 4985 718 5062 iuramentum
775 4985 864 5059 de
902 4992 1237 5061 continua
1270 4988 1660 5062 residentia
1711 4987 1784 5061 in
1826 4986 2225 5081 Tribunali,
2281 4987 2625 5084 Deputati
2659 4988 2733 5061 in
2774 4983 3140 5083 Capitulis

236 5117 630 5206 praestent,
686 5108 1010 5205 illudque
1064 5111 1472 5185 observent.
1527 5107 1608 5184 Si
1644 5133 1818 5185 vero
1869 5110 2325 5205 negligentes
2376 5109 2497 5184 vel
2545 5109 2885 5183 absentes
2938 5133 2984 5182 a
3016 5107 3139 5182 Iu·

239 5231 454 5306 diciis
507 5229 930 5306 Tribunalis
982 5232 1276 5323 fuerint,
1353 5233 1541 5307 ultra
1609 5254 1886 5330 poenas
1939 5230 2492 5307 Constitutionis
2542 5230 3139 5323 Macieiovianae,

238 5353 430 5427 hanc
481 5375 764 5450 quoque
825 5354 1185 5450 adiungit:
1259 5364 1336 5430 ut
1403 5378 1540 5454 pro
1607 5354 1817 5429 ratha
1885 5356 2231 5455 temporis
2302 5356 2673 5430 absentiae
2727 5354 2845 5429 vel
2897 5353 3135 5449 negli-
