4055 6364
2166 789 2270 804 —
2376 746 2527 823 222
2638 791 2739 805 .-

2185 954 2689 1058 CCLXXV.

1103 1166 1208 1248 ne
1263 1163 1656 1250 habendis·
1699 1163 2144 1252 invemat-iis
2211 1163 2619 1247 fundorum
2675 1166 2761 1249 ot
2798 1165 3248 1250 Gratiarum.
3322 1166 3531 1250 Anno
3588 1165 3802 1249 1730.

1204 1373 1823 1451 Reverendissimi
1901 1376 2198 1450 Domini
2282 1375 2728 1473 providendo
2796 1377 3249 1452 indemnitati
3326 1375 3743 1452 Fundorum
3836 1383 3905 1448 et

999 1496 1381 1591 Vi-llarum‚
1459 1522 1645 1593 quae
1719 1495 2024 1573 Gratiae
2100 1498 2584 1594 appellantur,
2660 1504 3106 1573 statuerunt:
3164 1506 3241 1574 ut
3295 1520 3546 1572 omnes
3598 1496 3901 1570 Periflu·

1001 1627 1189 1694 stres
1259 1620 1555 1694 Domini
1628 1620 2188 1718 praemissorum
2262 1618 2745 1695 Possessores
2816 1619 3233 1717 specialiter
3302 1626 3557 1694 eurent
3634 1619 3900 1693 habere

998 1741 1408 1838 conscripta
1459 1743 1876 1816 Inventaria
1929 1741 2423 1817 aedificiorum
2497 1741 2571 1815 in
2627 1741 2872 1839 speeie
2894 1797 2913 1835 ‚
2969 1764 3309 1839 peeorum
3334 1797 3351 1832 ‚
3426 1741 3781 1838 peeudum
3836 1748 3905 1812 et

998 1885 1360 1957 agrorum,
1419 1870 1496 1939 ut
1548 1873 1832 1939 eonstet
1887 1864 1976 1938 de
2033 1887 2275 1939 eorum
2334 1862 2816 1960 positionibus
2885 1871 2958 1937 et
3008 1863 3486 1957 granitiebus,
3543 1871 3687 1936 tum
3740 1861 3897 1934 fun·

999 1984 1114 2059 dis
1169 1981 1628 2080 Colonorum‚
1687 1993 1761 2060 et
1814 1988 2148 2060 eonfeota
2200 1983 2595 2060 reddantur
2646 1984 2737 2058 ad
2794 2008 3050 2061 manus
3102 1984 3555 2059 Perillustris
3610 1981 3896 2057 Domini

1001 2103 1353 2180 Canoniei
1406 2106 1934 2182 Procuratoris.

2204 2347 2752 2449 CCLXXVI.

1560 2557 1664 2638 ne
1721 2555 2245 2658 expos-tatione
2300 2573 2550 2638 rerum
2610 2576 2703 2638 ex
2759 2555 3326 2638 Praesumoniis

2124 2678 2384 2760 nense
2440 2678 2767 2761 octobri.

1206 2888 1800 2986 Exportationem
1876 2913 2114 2966 rerum
2188 2914 2278 2964 ex
2331 2888 2553 2964 Villis
2627 2888 3333 2988 praestimonialibus
3412 2885 3889 2961 Reverendis-

1000 3012 1165 3086 simi
1233 3011 1532 3086 Domini
1604 3010 2019 3105 decernunt,
2096 3012 2160 3086 si
2216 3011 2659 3086 commodius
2731 3020 2804 3087 et
2856 3011 3071 3087 eitius
3142 3034 3235 3086 ex
3287 3009 3483 3084 Vilis
3536 3008 3892 3105 prioribus

1001 3130 1329 3231 expediri
1397 3155 1542 3207 non
1617 3139 1874 3230 potest,
1953 3131 2046 3206 ad
2119 3132 2415 3209 Festum
2491 3131 2917 3209 Sanetorum
2992 3132 3329 3208 Omnium
3388 3139 3461 3206 et
3514 3154 3655 3206 non
3710 3131 3888 3207 ultra

1002 3252 1562 3352 protendendam
1618 3276 1805 3348 esse,
1885 3265 1960 3328 ut
2010 3255 2153 3329 hoe
2215 3262 2539 3351 tempore
2593 3255 3021 3330 intermedio
3076 3254 3378 3351 quilibet
3432 3254 3891 3328 Dominorum

999 3377 1298 3470 Regens
1353 3376 1946 3451 conseminationi
2000 3399 2339 3469 agrorum
2394 3386 2467 3450 et
2518 3378 2946 3452 triturationi
3004 3379 3290 3471 frugum
3345 3375 3690 3449 attendat.

2106 3514 2366 3597 nense
2425 3514 2837 3596 Decembri.

1210 3633 1523 3725 Quando
1578 3634 1863 3731 quidem
1939 3634 2350 3712 distributio
2404 3636 2761 3712 Villarum
2816 3640 3169 3715 hodierna
3224 3638 3343 3713 die
3395 3638 3623 3729 faeta,
3697 3635 3776 3708 in
3826 3630 3892 3704 id

999 3767 1283 3856 tempus
1336 3758 1611 3849 ineidit,
1686 3782 1826 3854 quo
1879 3759 2080 3833 iuxta
2135 3756 2487 3834 Statutum
2546 3760 2636 3834 de
2692 3762 2904 3836 Anno
2960 3759 3285 3855 Gratiae,
3363 3759 3667 3857 quilibet
3718 3757 3891 3830 Pos-

1003 3902 1252 3954 sessor
1323 3879 1594 3953 veteris
1651 3877 2157 3954 Praestimonii
2227 3880 2449 3957 habet
2501 3892 2763 3974 totum,
2837 3892 2909 3958 et
2982 3884 3158 3957 nihil
3232 3907 3321 3957 ex
3374 3880 3618 3957 Villae
3672 3896 3893 3953 novae

998 4002 1352 4078 fructibus
1407 4023 1636 4098 usque
1691 4001 1782 4075 ad
1838 4024 2148 4076 messem
2205 4026 2395 4079 anno
2447 4005 2685 4080 futuro
2742 4013 3174 4103 aeeepturus
3227 4010 3379 4077 est:
3444 4001 3611 4075 ideo
3664 3999 3889 4073 Reve-

1001 4123 1411 4197 rendissimi
1483 4124 1778 4197 Domini
1847 4122 2357 4219 decreverunt,
2434 4134 2510 4201 ut
2564 4127 2898 4223 migratio
2972 4150 3062 4201 ex
3115 4124 3337 4201 Villis
3390 4122 3757 4219 prioribus
3808 4116 3887 4192 ad

999 4246 1212 4319 finem
1269 4244 1516 4319 Martii
1568 4245 2061 4343 protendatur.

2161 4556 2753 4659 CCLXXVII.

1715 4762 2094 4847 ordinatio
2147 4764 2659 4851 Anniversarii
2714 4763 3209 4848 Szaniaviani.

1208 4974 1294 5049 In
1330 4974 1670 5050 Eeelesia
1725 4982 1971 5050 nostra
2017 4972 2437 5051 Gathedrali
2493 4974 2965 5051 C'raeoviensi
3014 4975 3381 5073 perpetuis
3427 4974 3693 5050 futuris
3731 4983 3894 5051 tem-

1003 5098 1302 5195 poribus
1382 5098 1804 5172 absolvatur
1880 5097 2477 5174 Anniversarium
2555 5098 2630 5171 in
2700 5098 3155 5193 refrigerium
3238 5098 3520 5172 animae
3604 5106 3893 5173 nostrae

1002 5220 1118 5294 bis
1172 5219 1494 5316 quolibet
1553 5243 1764 5314 anno,
1839 5220 2067 5295 semel
2134 5220 2209 5293 in
2264 5206 2618 5317 Capitulo'
2657 5220 2985 5314 generali
3055 5219 3294 5293 maiali
3360 5226 3528 5293 ante
3581 5217 3893 5315 Vigilias

1003 5338 1588 5435 Conelusionum,
1645 5341 1874 5418 altera
1927 5343 2090 5417 viee
2142 5343 2214 5416 in
2272 5342 2611 5441 Capitulo
2646 5342 3185 5415 Purifieationis
3242 5340 3507 5415 Bea:ae
3562 5339 3892 5436 Virginis
