4055 6364
1442 734 2013 815 -259—

276 959 431 1035 licii
456 958 985 1056 Episcoporum
1022 956 1633 1051 Cracoviensium‚
1680 958 2336 1036 Praedecessorum
2371 966 2796 1052 nostrorum,
2851 956 3176 1051 Statutis,

276 1080 621 1155 Decretis
672 1086 748 1155 et
817 1079 1478 1156 Reformationibus
1500 1136 1519 1173 ‚
1574 1102 1874 1176 quorum
1927 1078 2049 1155 hic
2101 1089 2390 1155 tenores
2440 1102 2575 1177 pro
2629 1078 3000 1177 expressis
3051 1078 3180 1155 ha-

278 1202 457 1277 bere
510 1201 865 1297 volumus,
919 1202 1109 1277 hano
1130 1258 1148 1295 ,
1198 1224 1407 1297 quam
1462 1223 1597 1299 pro
1649 1223 1841 1275 nunc
1891 1202 2140 1277 utilem
2194 1209 2266 1277 et
2317 1200 2806 1277 neeessariam
2857 1200 3017 1275 fore
3068 1200 3174 1274 iu-

278 1322 721 1417 dicavimus,
794 1322 1407 1400 Reformationem
1474 1328 1795 1397 nostram
1866 1324 2271 1419 praesentis
2340 1320 2798 1402 Visitationis
2861 1320 3183 1395 Decreto

276 1440 814 1537 adiungendam
888 1450 961 1518 et
1014 1442 1585 1519 constituendam
1640 1465 1807 1517 esse
1859 1442 2195 1519 duximus
2215 1498 2234 1537 ,
2319 1450 2534 1540 prout
2583 1440 3042 1537 adiungimus
3113 1445 3184 1515 et

278 1563 805 1659 constituimus,
860 1562 1204 1641 Vestrum
1256 1564 1571 1641 omnium
1622 1562 1836 1640 huius
1889 1560 1965 1639 S.
2024 1563 2344 1659 Collegii
2393 1564 2890 1641 Praelatorum
2929 1570 3002 1638 et
3037 1558 3180 1637 Ca-

278 1684 706 1757 nonicorum
726 1739 746 1777 ,
822 1683 1157 1759 Fratrum
1237 1690 1644 1762 nostrorum
1722 1685 2172 1780 requirentes
2235 1685 2554 1763 officium
2573 1740 2592 1779 ,
2665 1691 3020 1781 quatenus
3089 1683 3184 1759 ab

278 1804 619 1881 omnibus
671 1812 746 1879 et
798 1804 1109 1900 singulis
1161 1803 1398 1881 Vobis
1450 1805 1913 1901 observetur3
1996 1830 2086 1885 sc
2137 1813 2216 1882 ut
2266 1804 2758 1901 unusquisque
2810 1804 3174 1897 Vestrum,

280 1924 475 2001 sicut
524 1925 810 2021 accepit
858 1925 1189 2019 gratiam,
1244 1925 1319 1999 in
1373 1925 1793 2001 alterutrum
1845 1924 2048 2000 illam
2101 1926 2572 2019 administret,
2629 1948 2766 2000 nec
2799 1948 3033 2001 vacua
3083 1924 3180 2001 sit

278 2044 359 2119 in
410 2042 669 2139 Vobis,
726 2046 857 2121 sed
909 2046 1077 2144 plus
1130 2046 1459 2122 omnibus
1511 2045 1892 2140 laboretis,
1948 2048 2210 2143 quibus
2264 2048 2470 2123 Deus
2521 2046 2600 2121 in
2653 2045 2994 2125 Ecclesia
3047 2067 3181 2120 sua

280 2165 453 2262 plus
488 2166 799 2241 caeteris
831 2165 1131 2240 honoris
1166 2174 1241 2241 et
1275 2166 1704 2245 eminentiae
1740 2166 1979 2243 dedit.
2037 2166 2332 2244 odorem
2371 2166 2750 2243 suavitatis
2803 2165 2900 2243 ad
2935 2187 3186 2243 omnes

282 2286 587 2362 aliarum
659 2286 1055 2365 vicinarum
1126 2287 1590 2363 Dioecesium
1660 2286 2071 2379 Ecclesias,
2146 2312 2239 2363 ex
2290 2287 2754 2365 observantia
2815 2289 3062 2383 legum
3116 2292 3190 2360 et

282 2407 715 2505 disciplinae
784 2408 1325 2486 ecclesiasticae
1378 2410 1831 2507 praebentes,
1906 2409 2298 2507 praemium
2351 2409 2534 2486 illud
2587 2406 3186 2485 immarcescibile

284 2536 621 2603 aeternae
690 2528 1157 2605 beatitudinis
1210 2552 1256 2603 a
1308 2530 1474 2603 Deo
1530 2528 1826 2627 Optimo
1876 2530 2216 2607 Maximo
2269 2530 2656 2628 accepturi.

492 2646 685 2723 Ante
738 2649 979 2723 omnia
1029 2647 1251 2743 igitur
1302 2648 1619 2725 debitum
1674 2652 1938 2729 cultum
1992 2659 2069 2726 et
2103 2674 2384 2727 omnem
2419 2650 2954 2729 venerationem
2992 2649 3188 2724 circa

284 2765 421 2848 SS.
494 2768 999 2847 Eucharistiae
1052 2768 1597 2847 Sacramentum
1650 2795 1795 2847 non
1848 2772 2085 2849 minus
2139 2773 2558 2850 conservari
2579 2829 2596 2862 ,
2669 2795 2882 2869 quam
2935 2770 3188 2866 augeri

284 2890 682 2989 cupientes,
739 2892 1157 2967 statuimus:
1233 2892 1465 2967 donec
1535 2892 1873 2970 inchoata
1941 2891 2266 2971 fundatio
2317 2892 2813 2970 Ministrorum
2866 2889 3000 2969 SS.
3056 2889 3186 2967 Sa-

286 3012 637 3089 cramenti
690 3013 785 3088 ab
836 3012 1117 3088 Illustri
1172 3020 1243 3086 et
1293 3012 1701 3089 Admodum
1772 3013 2205 3089 Reverendo
2272 3015 2589 3089 Domino
2643 3014 2847 3089 Luca
2897 3012 3189 3106 Dabski

286 3130 661 3210 Canonioo
716 3131 1229 3210 Cracovienssi
1282 3134 1715 3232 perficiatur,
1771 3142 1851 3210 ut
1900 3134 2168 3210 abhinc
2219 3157 2405 3212 unus
2460 3158 2552 3210 ex
2605 3133 3188 3213 Poenitentiariis

284 3252 839 3330 communitatis
890 3255 1367 3350 Vicariorum,
1440 3279 1573 3352 per
1622 3255 2064 3332 Venerabile
2119 3255 2529 3353 Capitulum
2583 3257 2676 3334 ad
2729 3256 2807 3331 id
2861 3256 3187 3350 deligen-

286 3375 429 3452 dus
482 3384 556 3451 et
606 3375 1080 3474 deputandus,
1136 3378 1270 3470 (uti
1340 3378 1432 3453 ab
1485 3376 1711 3451 Horis
1764 3377 2134 3454 nocturnis
2186 3375 2398 3476 liber)
2473 3377 2892 3471 diligentem
2945 3383 3186 3450 eusto-

286 3495 489 3588 diae,
543 3497 919 3574 ministerii
976 3505 1049 3572 et
1099 3498 1547 3572 reverentiae
1599 3497 1867 3574 habeat
1917 3521 2182 3589 euram,
2257 3498 2512 3594 poenis
2565 3498 2884 3595 alioquin
2937 3503 3189 3572 nostro

284 3619 411 3694 vel
463 3615 983 3694 Successorum
1035 3627 1439 3694 nostrorum
1493 3619 1784 3696 arbitrio
1820 3619 2236 3711 reservatis,
2273 3618 2698 3716 puniendus.
2753 3617 3186 3696 Abolemus-

286 3761 433 3834 que
494 3739 756 3814 exinde
807 3739 1173 3835 antiquam
1226 3738 1813 3814 consuetudinem
1830 3795 1849 3830 ‚
1907 3762 2050 3835 qua
2102 3737 2197 3814 ad
2249 3737 2729 3816 Ministerium
2779 3736 3185 3816 huiusmodi

284 3859 633 3936 Vicarius
684 3883 817 3957 pro
870 3867 1192 3956 tempore
1246 3859 1877 3936 Hebdomadarius
1930 3859 2410 3954 obligabatur.

501 3979 1153 4059 Praedecessorum
1206 3988 1635 4075 nostrorum,
1708 4003 1847 4054 nec
1901 3963 2042 4054 non
2098 3980 2560 4056 Venerabilis
2614 3976 2934 4078 Capituli
2970 3977 3188 4058 Ordi-

288 4100 705 4176 nationibus
775 4101 1234 4195 insistentes,
1306 4102 1444 4176 sub
1497 4101 1899 4176 arbitrariis
1970 4100 2294 4177 eiusdem
2346 4100 2810 4176 Venerabilis
2863 4098 3186 4197 Capituli

286 4221 552 4319 poenis
603 4222 1104 4321 prohibemus:
1161 4245 1254 4297 ne
1308 4221 1653 4320 deinceps
1706 4223 1925 4298 liceat
1974 4221 2108 4295 ulli
2159 4220 2471 4296 Votivas
2523 4220 2855 4312 tabellas,
2915 4227 3059 4296 tam
3095 4220 3189 4294 ad

290 4342 757 4440 sepulchrum
809 4344 907 4420 D.
962 4342 1331 4420 Tutelaris
1384 4339 1459 4416 S.
1517 4340 1897 4436 Stanislai,
1972 4365 2185 4439 quam
2239 4339 2335 4415 ad
2389 4338 2758 4436 Crucifixi,
2814 4349 2938 4417 aut
2971 4363 3187 4438 quas-

290 4465 410 4538 vis
463 4464 649 4539 alias
699 4464 1057 4559 imagines
1128 4487 1382 4540 sacras
1450 4461 1864 4560 appendere
1918 4463 2078 4538 sine
2130 4463 2317 4538 scitu
2371 4469 2444 4538 et
2495 4484 2844 4568 expressa
2897 4462 3192 4538 licentia

290 4583 883 4680 Vicecustodum,
960 4585 1084 4681 qui
1144 4585 1315 4659 illas
1368 4584 1581 4660 simul
1652 4591 1727 4658 et
1778 4583 2163 4677 miracula,
2247 4583 2314 4660 si
2366 4583 2663 4678 dignum
2713 4581 3192 4658 iudicaverint

296 4701 401 4805 (in
474 4727 618 4802 quo
691 4705 1069 4781 eonsilium
1140 4705 1453 4803 plurium
1523 4703 1643 4779 vel
1695 4704 1906 4780 unius
1959 4729 2052 4782 ex
2104 4705 2689 4780 Poenitentiariis
2743 4701 3180 4805 sequentur),

292 4826 368 4900 in
420 4825 611 4900 libro
664 4825 992 4902 seorsivo
1062 4825 1479 4923 specialiter
1530 4824 1625 4899 ad
1678 4825 1818 4900 hoc
1873 4835 2312 4924 comparato,
2385 4849 2516 4924 per
2577 4827 2892 4922 aliquem
2965 4823 3192 4900 Nota-

292 4945 477 5022 rium
531 4947 899 5045 publioum
951 4947 1322 5022 connotari
1373 4946 1663 5041 facient,
1721 4953 1791 5020 et
1842 4970 1986 5022 non
2040 4948 2244 5041 alias,
2301 4970 2436 5022 nec
2489 4947 2700 5022 aliter
2733 4946 3190 5043 recipiantur.

504 5066 621 5142 Ne
674 5066 1157 5164 frequentiore
1211 5065 1431 5142 Clero
1484 5067 1881 5164 eodemque
1932 5067 2026 5144 ad
2065 5065 2438 5144 Sacrifieia
2485 5066 2875 5147 Missurum
2925 5067 3190 5166 impor-

294 5195 467 5266 tune
506 5196 1014 5286 concurrente,
1072 5189 1167 5264 sit
1219 5188 1709 5265 distractionis
1780 5197 1903 5266 aut
1971 5190 2420 5266 confusionis
2473 5190 2791 5288 occasio,
2865 5189 3187 5287 publica·
