4055 6364
1397 706 1911 845 -654

211 984 372 1051 trem
423 976 871 1074 reciperent,
940 999 1084 1051 non
1141 977 1599 1053 obstantibus
1666 978 1902 1055 literis
1973 975 2431 1055 Sanctissimi
2481 979 2555 1054 in
2612 978 2903 1055 Christo
2960 980 3105 1056 Pa-

209 1100 326 1175 tris
369 1106 444 1173 et
481 1100 780 1173 Domini
837 1099 1131 1173 Domini
1183 1098 1454 1175 Leonis
1507 1101 1772 1175 Divina
1833 1101 2289 1198 providentia
2342 1102 2592 1200 Papae
2646 1103 2954 1195 Decimi,
3012 1104 3105 1179 de

207 1243 332 1294 non
403 1221 891 1319 suscipiendis
959 1220 1052 1294 ad
1106 1220 1484 1297 Ecclesiae
1557 1222 2037 1329 Cathedrales
2106 1224 2491 1321 primarias
2560 1224 2801 1319 Regni
2834 1226 3105 1319 nostri,

207 1342 334 1415 nisi
381 1365 653 1435 genere
707 1343 1112 1437 nobilibus,
1187 1344 1401 1419 nobis
1454 1346 1771 1439 gratiose
1845 1348 2257 1441 concessis,
2316 1354 2388 1420 et
2438 1369 2582 1421 non
2655 1347 3109 1422 obstantibus

207 1464 404 1537 etiam
461 1461 765 1539 Statutis
815 1465 1056 1560 Regni
1130 1467 1361 1541 nostri
1416 1467 1669 1562 editis,
1747 1467 2008 1563 quibus
2080 1475 2379 1566 propter
2447 1468 2637 1542 hanc
2709 1469 3100 1567 specialem

200 1588 490 1681 gratiam
543 1588 739 1662 dicto
789 1585 1111 1663 Johanni
1165 1585 1524 1683 Schilling
1573 1590 1879 1683 factam,
1953 1591 2132 1664 nihil
2188 1591 2453 1685 rigoris
2519 1592 2931 1689 ademptum
3000 1592 3107 1693 „iri

207 1710 556 1803 volumus,
613 1711 748 1785 sed
785 1719 930 1785 tam
970 1711 1442 1807 Privilegium
1481 1710 1655 1785 dicti
1691 1709 2150 1787 Sanctissimi
2200 1710 2499 1787 Domini
2552 1713 2827 1807 Nostri,
2885 1736 3104 1810 quam

203 1826 471 1907 Statuta
520 1832 761 1927 Regni
835 1834 1064 1907 nostri
1115 1834 1192 1907 in
1247 1856 1382 1909 suo
1433 1835 1696 1909 robore
1729 1834 2061 1919 ,firmiter
2114 1857 2653 1910 conservamus.
2744 1834 3103 1910 Volentes

204 1959 268 2027 et
309 1952 684 2029 hortantes
734 1954 994 2029 iterum
1049 1978 1179 2053 per
1230 1953 1654 2054 praesentes
1705 1955 1864 2031 Vos
1917 1957 2318 2053 praefatum
2372 1958 2762 2032 Dominum
2816 1955 2868 2045 J
2874 1956 3119 2031 oham·

203 2100 350 2151 nem
411 2077 860 2176 Episcopum
917 2101 1005 2153 ac
1059 2076 1540 2155 Venerabiles
1613 2077 1995 2157 Praelatos
2053 2086 2125 2153 et
2180 2077 2591 2155 Canonicos
2664 2077 3101 2154 Cracovien-

202 2221 330 2293 ses,
384 2207 464 2275 ut
515 2200 780 2276 dictum
834 2199 887 2276 J
890 2198 1244 2275 ohannem
1303 2198 1675 2297 Schilling.
1715 2204 1790 2276 in
1847 2199 2293 2277 Canonicum
2350 2209 2422 2276 et
2472 2202 2545 2275 in
2602 2202 2934 2276 Fratrem
2989 2224 3101 2275 re-

203 2320 472 2419 cipiatis
527 2330 600 2396 et
653 2323 998 2423 deinceps
1053 2320 1212 2398 Vos
1266 2324 1656 2399 secuudum
1723 2324 2199 2418 Privilegium
2252 2323 2759 2422 Apostolicum
2813 2331 2886 2399 et
2939 2320 3099 2397 Sta·

199 2450 336 2517 tuta
383 2443 631 2541 Regni
683 2446 912 2520 nostri
984 2447 1478 2539 conservetis,
1555 2469 1690 2521 nec
1747 2446 1894 2521 illis
1966 2468 2255 2543 quoquo
2328 2445 2543 2521 modo
2598 2447 3100 2521 contravenire

199 2564 548 2662 audeatis,
603 2592 740 2666 pro
793 2568 1033 2663 gratia
1087 2583 1338 2644 nostra
1393 2570 1604 2644 aliter
1658 2591 1800 2643 non
1855 2569 2139 2642 facturi.
2230 2567 2509 2643 Harum
2565 2564 2827 2665 quibus
2882 2565 3100 2661 Sigil-

200 2688 330 2763 lum
383 2699 710 2766 nostrum
765 2700 878 2765 est
929 2716 1327 2789 appensum
1395 2692 1805 2765 testimonio
1859 2691 2253 2765 literarum.
2346 2691 2614 2765 Datum
2672 2690 3095 2783 Cracoviae,

201 2810 306 2884 [lie
359 2812 648 2887 Natalis
701 2811 952 2888 Sancti
1006 2810 1373 2907 Stanislai,
1429 2812 1648 2887 Anno
1699 2812 1995 2887 Domini
2051 2812 2443 2888 Millesimo
2500 2812 3099 2907 Quingentesimo

202 2930 472 3009 decimo
525 2944 808 3033 octavo,
862 2936 1104 3031 Regni
1159 2937 1381 3011 nostri
1441 2935 1655 3011 Anno
1712 2936 2161 3010 duodecimo,

1435 3250 1862 3352 LXXXI.

199 3455 292 3538 lie
345 3459 936 3560 praesentandis
991 3461 1342 3560 personis
1400 3459 1680 3542 idoneis
1723 3458 1822 3540 ad
1859 3457 2311 3540 vicariatum
2371 3458 2765 3542 Ecclesiae
2820 3457 3093 3540 Gathe-

257 3579 483 3663 draiis
539 3581 744 3665 infra
795 3582 1241 3663 tremestre.
1298 3582 1596 3663 loannis
1653 3581 2013 3664 Konarski
2074 3581 2415 3682 Episcopi
2473 3580 3024 3664 cracoviensis.

379 3791 478 3866 Et
527 3793 865 3889 quoniam
935 3792 1009 3866 in
1072 3793 1466 3868 futurorum
1537 3793 1817 3868 cunctis
1865 3793 1969 3897 sic
2031 3793 2326 3868 humani
2400 3793 2679 3868 fallitur
2740 3790 3092 3867 certitudo

191 3913 456 4006 iudicii,
509 3923 590 3988 ut
643 3914 836 4011 quod
891 3914 1304 3989 coniectura
1358 3914 1718 4012 probabili
1779 3939 2063 3990 exnunc
2114 3914 2471 3990 interdum
2528 3923 2798 3990 attenta
2852 3915 3089 3990 consi-

196 4035 456 4110 deratio
509 4037 690 4112 utile
743 4037 1128 4134 pollicetur
1163 4037 1488 4134 reperiri,
1547 4037 1968 4111 damnosum
2026 4037 2459 4134 quandoque
2514 4040 2905 4131 contingat,
2962 4059 3089 4112 no-

197 4181 488 4256 vumque
539 4160 759 4234 etiam
813 4158 1006 4255 quod
1061 4159 1394 4234 consulto
1447 4159 1803 4253 statuitur,
1863 4184 1954 4233 ex
1992 4161 2351 4235 seniorum
2402 4161 2853 4258 inspectione
2904 4158 3089 4233 iudi-

193 4281 272 4355 cii
349 4283 750 4359 consultius
839 4291 1261 4377 revocatur,
1349 4290 1422 4356 et
1500 4282 1890 4378 aliquando
1975 4281 2168 4379 quod
2260 4284 2675 4358 coniectura
2756 4281 3085 4376 credidit,

193 4406 629 4502 subsequens
699 4404 1170 4502 ,experientia
1249 4405 1572 4479 notitiam
1661 4402 1996 4478 ostendit.
2108 4404 2427 4480 Proinde
2510 4405 2671 4481 Nos
2758 4405 2810 4480 J
2814 4428 3088 4480 oannes

191 4525 320 4601 Dei
392 4527 632 4622 gratia
709 4527 1125 4625 Episcopus
1211 4525 1772 4620 Cracoviensis,
1871 4551 1963 4602 ex
2044 4529 2365 4626 suscepti
2434 4527 2809 4623 regiminis
2891 4550 3083 4621 cura,

192 4669 356 4743 quae
427 4649 590 4724 Nos
661 4649 1043 4742 sollicitat,
1099 4657 1178 4724 ut
1231 4673 1439 4746 quem
1514 4648 1875 4724 Ecclesiis
1929 4657 2002 4723 et
2053 4651 2478 4747 praesertim
2531 4651 2609 4724 iu
2666 4647 3088 4724 Cathedrali

193 4781 422 4848 nostra
493 4773 1005 4864 Oracoviensi,
1081 4796 1267 4869 quae
1339 4782 1451 4847 est
1515 4780 1732 4870 caput
1786 4780 1858 4846 et
1909 4781 2140 4847 mater
2192 4773 2688 4847 Ecclesiarum
2758 4771 3082 4865 aliarum,

193 4916 318 4968 non
369 4897 648 4993 absque
719 4894 1132 4998 dispendio
1173 4894 1666 4970 Ministrorum
1723 4903 1796 4969 et
1849 4895 2089 4969 cultus
2142 4895 2367 4969 divini
2440 4894 2865 4968 detrimento
2934 4917 3084 4968 ser-

191 5019 330 5092 vari
381 5017 794 5112 viderimus,
852 5041 983 5116 per
1035 5018 1558 5115 appositionem
1615 5018 1916 5112 congrui
1971 5016 2483 5092 moderaminis
2533 5016 2609 5090 in
2657 5016 2917 5090 melius
2970 5040 3082 5090 re·

189 5138 556 5216 formemus
578 5197 597 5236 ,
653 5141 1171 5239 cupientesque
1226 5139 1630 5214 defectibus
1684 5147 1756 5215 et
1813 5140 2314 5235 negligentiiS,
2371 5162 2555 5235 quae
2610 5161 2701 5212 ex
2751 5138 3085 5212 diuturna

191 5258 624 5338 Vicariarum
677 5264 1059 5337 vacatione
1135 5263 1550 5358 frequenter
1602 5262 1674 5336 in
1732 5261 1982 5337 eadem
2038 5261 2379 5337 Ecclesia
2433 5260 2813 5353 eveniunt,
2888 5259 3080 5334 salu⁴

191 5382 292 5460 bri
337 5386 658 5464 remedio
713 5409 1094 5463 occurrere
1158 5391 1232 5460 et
1281 5386 1702 5484 providere,
1779 5383 1868 5460 de
1920 5384 2239 5458 unanimi
2291 5385 2701 5480 voluntate,
2775 5382 3081 5460 consilio

2726 5503 2769 5568 9
