4055 6364
1379 764 1938 843 -245—

205 977 643 1072 pervenerit,
699 976 770 1049 in
809 974 1166 1071 explenda
1220 974 1454 1049 Missa
1507 983 1786 1049 cantata
1843 975 2142 1050 alterius
2198 998 2419 1073 opera
2472 976 2574 1050 uti
2611 977 2863 1070 debet3
2922 975 3100 1048 nihi-

205 1097 524 1171 lominus
578 1104 812 1171 tamen
867 1121 1110 1170 marca
1163 1098 1484 1172 missalis
1553 1098 1662 1171 illi
1733 1097 1890 1171 dari
1965 1096 2220 1191 debet,
2292 1120 2451 1172 cum
2521 1119 2663 1172 non
2718 1121 2849 1195 per
2901 1097 3101 1171 illum

205 1225 370 1312 stet,
399 1207 402 1209 “
431 1219 808 1315 quominus
877 1227 1134 1309 cantet,
1209 1226 1282 1292 et
1333 1242 1491 1292 cum
1547 1219 1622 1292 in
1653 1218 2073 1317 septimanis
2121 1220 2427 1295 aliorum
2480 1218 2973 1295 Praelatorum
3033 1227 3105 1294 et

211 1337 742 1415 canonicorum
801 1341 1304 1438 pontificaliter
1357 1348 1589 1414 canat.

419 1460 842 1536 Parochiam
917 1461 1647 1560 Wawrzynecensem
1717 1463 2026 1558 singulis
2100 1463 2309 1538 annis
2381 1464 2667 1556 visitet,
2741 1486 2901 1536 cum
2974 1485 3106 1558 per

206 1585 727 1681 occupationes
779 1585 1048 1659 licebit.

359 1725 362 1730 ·
418 1706 508 1780 R.
565 1707 662 1779 D.
717 1706 1101 1799 Decanus,
1178 1707 1300 1801 qui
1351 1707 1961 1806 Archipresbyter
2012 1709 2087 1781 in
2140 1708 2295 1782 iure
2350 1708 2594 1782 vocari
2652 1707 2858 1801 solet,
2934 1729 3095 1781 cum

209 1829 309 1902 sit
360 1827 634 1925 primus
689 1827 1068 1903 Praelatus
1134 1828 1208 1901 in
1263 1829 1599 1903 Ecclesia
1662 1829 1802 1904 hac
1855 1837 1927 1903 et
1981 1829 2444 1926 praesidens,
2514 1828 2823 1903 omnium
2881 1828 3103 1902 Prae-

202 1951 514 2025 latorum
587 1949 828 2023 officia
897 1971 1114 2024 nosse
1169 1956 1241 2022 et
1293 1948 1686 2044 Canonum,
1747 1949 2489 2047 constitutionumque
2544 1949 3103 2023 provincialium

205 2081 282 2146 et
333 2071 948 2145 Dioeeesanarum
1006 2073 1487 2165 cognitionem
1543 2072 1812 2147 habere
1867 2072 2103 2148 debet.
2188 2073 2302 2146 Ad
2360 2095 2518 2147 eum
2572 2072 2882 2168 pertinet
2933 2093 3099 2168 pro-

205 2171 482 2290 ponere
553 2193 626 2266 in
684 2190 1041 2289 Capitale,
1117 2217 1300 2288 quae
1357 2194 1450 2268 ad
1506 2192 1732 2268 divini
1784 2196 2020 2270 cultus
2089 2202 2586 2290 augmentum,
2667 2191 3099 2289 disciplinae

205 2322 282 2389 et
334 2314 735 2388 honestatis
788 2315 863 2387 in
917 2313 1256 2388 Ecclesia
1307 2323 1379 2388 et
1430 2315 1504 2388 in
1561 2315 2057 2391 Praelatorum
2130 2315 2660 2390 cohabitatione
2716 2337 3101 2389 conserva-

203 2438 500 2529 tionem,
561 2443 632 2510 et
683 2436 1181 2535 temporalium
1236 2438 1496 2511 bonam
1551 2437 2237 2512 administrationem
2294 2443 2645 2534 spectant.
2698 2437 2835 2510 Ille
2875 2435 3104 2532 primo

205 2558 636 2632 sententiam
716 2557 975 2651 dicere,
1048 2559 1348 2632 aliorum
1417 2559 1810 2634 sententias
1881 2561 2237 2657 excipere,
2313 2582 2402 2632 ex
2458 2558 2863 2656 pluralitate
2935 2581 3103 2632 con-

203 2679 526 2774 cludere,
603 2680 1275 2777 conclusionemque
1347 2682 1747 2756 executioni
1821 2681 2277 2776 demandare,
2352 2688 2424 2754 et
2473 2681 2547 2753 in
2606 2679 2941 2777 Capitulo
3013 2679 3104 2753 de

205 2801 632 2876 executione
703 2801 1150 2878 decretorum
1225 2802 1716 2902 Capitulorum
1798 2804 2419 2901 praecedentium,
2504 2803 2859 2880 sollicitus
2941 2825 3104 2876 esse

206 2923 448 2998 debet.

417 3044 837 3120 Animarum
875 3069 1112 3140 curae,
1137 3070 1321 3143 quae
1360 3046 1738 3121 Ecclesiae
1777 3044 2198 3122 Cathedrali
2234 3056 2344 3122 est
2371 3046 2729 3138 adiuncta,
2773 3052 3097 3143 praeest:

206 3168 379 3245 ideo
433 3169 526 3244 iis
553 3194 738 3266 quac
791 3169 883 3244 ad
921 3193 1159 3245 curam
1213 3171 1607 3245 animarum
1661 3170 2038 3267 pertinent,
2094 3169 2494 3265 advigilare
2548 3168 2782 3263 debet,
2841 3177 2915 3242 ut
2969 3164 3102 3243 Sa-

211 3300 585 3365 cramenta
635 3291 769 3366 rite
805 3291 1426 3388 administrentur;
1483 3300 1562 3365 ut
1598 3290 2098 3366 Calendarium
2155 3292 2426 3386 edatur,
2467 3316 2508 3367 e
2536 3314 2675 3388 quo
2731 3292 2883 3365 dies
2935 3290 3105 3364 festi

211 3422 287 3486 et
339 3413 639 3503 ieiunia,
712 3420 784 3487 et
835 3413 1438 3487 matrimoniorum
1513 3420 1835 3511 tempora
1906 3414 2175 3510 populo
2230 3414 2701 3505 enuntientur,
2760 3421 2831 3487 et
2883 3412 3099 3488 Olero

207 3534 631 3608 celebrandi
685 3532 928 3609 Officii
980 3536 1161 3610 ratio
1214 3537 1636 3609 innotescat.

421 3656 604 3730 Eius
659 3664 1031 3753 praeterea
1088 3665 1197 3731 est
1251 3658 1588 3745 muneris,
1647 3664 1725 3731 ut
1775 3658 1864 3729 in·
1905 3657 2125 3731 choro
2182 3660 2419 3732 omnia
2473 3680 2605 3733 suo
2643 3656 2894 3732 ordine
2938 3680 3097 3753 pro-

207 3776 514 3851 cedant:
571 3777 736 3853 ideo
789 3779 864 3851 in
919 3780 1141 3853 choro
1197 3780 1470 3875 primus
1525 3787 1596 3853 et
1630 3780 1921 3855 ultimus
1961 3802 2125 3854 esse
2163 3780 2413 3875 debet3
2473 3781 3099 3878 Presbyter-orum-

207 3922 354 3995 que
409 3907 524 3973 est
576 3908 810 3996 caput,
868 3922 1118 3974 omnes
1170 3898 1506 3975 Vicarios
1559 3902 1885 3995 instituit,
1944 3902 2244 3997 corrigit
2280 3912 2351 3976 et
2384 3900 2921 3996 incorrigibiles
2976 3900 3098 3974 de-

209 4021 466 4095 stituit.

423 4140 669 4216 Habet
739 4141 1315 4236 Vicedecanum,
1387 4144 1510 4239 qui
1580 4144 1781 4219 vices
1835 4146 1991 4219 eius
2062 4147 2133 4220 in
2204 4168 2375 4221 cura
2440 4147 2833 4221 animarum
2907 4155 2979 4220 et
3029 4146 3102 4219 in

209 4266 439 4340 choro
491 4265 762 4362 implet,
821 4265 1276 4358 negligentes
1329 4272 1547 4359 notat,
1606 4289 1879 4363 poenas
1933 4268 2184 4362 exigit.

425 4386 514 4460 R.
574 4387 666 4461 D.
733 4385 1328 4481 Archidiaconus,
1404 4387 1762 4464 secundus
1831 4390 1908 4463 in
1953 4389 2295 4465 Ecclesia
2370 4388 2777 4482 Praelatus,
2854 4396 2925 4462 et
2978 4390 3101 4484 qui

209 4510 516 4583 absente
569 4507 659 4581 R.
717 4509 808 4581 D.
865 4510 1164 4584 Decano
1219 4509 1750 4606 praesidentiae
1804 4511 2117 4585 officium
2170 4510 2446 4608 implet.

419 4628 882 4704 Visitationis
955 4630 1262 4704 officium
1320 4629 1810 4706 Ecclesiarum
1866 4631 2501 4708 Archidiaconatui
2554 4655 2685 4708 suo
2742 4634 3092 4707 subiecta-

210 4776 408 4846 rum,
485 4775 667 4847 quae
741 4752 833 4826 ad
889 4749 1040 4827 500
1095 4759 1574 4843 numerantur,
1651 4752 1738 4826 de
1795 4754 2101 4829 triennio
2153 4754 2228 4827 in
2283 4754 2658 4828 triennium
2716 4756 3102 4849 diligenter

211 4873 466 4947 obeat:
527 4874 600 4947 in
657 4896 798 4969 qua
850 4874 1257 4948 visitatione
1313 4875 1738 4949 correctioni
1795 4872 2031 4967 Cleri,
2107 4875 2596 4951 Parochorum
2652 4875 3102 4974 discipliuae,

213 4993 693 5069 emendationi
766 5018 1083 5070 errorum
1135 4996 1207 5070 in
1249 4995 1785 5094 praedicatione
1841 5004 1913 5071 et
1966 4995 2589 5075 Sacramentorum
2646 4998 3103 5073 administra-

211 5116 410 5189 tione
465 5116 718 5191 sedulo
769 5116 1128 5214 intendat;
1202 5116 1682 5208 fundationes,
1757 5118 2051 5213 reditus,
2125 5118 2475 5214 aedificia,
2532 5121 2934 5211 thesauros,
2991 5142 3103 5193 or·

213 5246 463 5328 natus,
537 5238 1126 5334 profanationem,
1201 5240 1477 5335 videat,
1553 5240 1642 5315 de
1695 5240 2083 5316 iuventutis
2163 5242 2602 5317 institutione
2657 5252 2730 5315 et
2786 5265 3102 5338 exequu-

213 5359 409 5433 tione
454 5358 848 5433 iussionum
886 5359 1448 5457 Episcopalium,
1503 5362 1833 5459 inquirat.
1894 5361 2234 5455 Quaerat,
2276 5388 2367 5437 an
2403 5364 2834 5438 Parochiani
2872 5364 3105 5439 sciant
