4055 6364
2154 728 2715 803 —210-

981 935 1121 1010 tori
1175 935 1584 1033 capitulari:
1663 944 1736 1008 ut
1792 936 1976 1010 tales
2046 935 2379 1032 lapideas
2432 937 2505 1009 in
2560 937 2893 1012 absentia
2960 957 3250 1009 suorum
3324 933 3855 1007 Reverendissi-

980 1079 1254 1132 morum
1332 1057 1805 1132 Dominorum
1878 1057 2395 1154 Principalinm
2452 1066 2524 1132 et
2578 1079 3082 1156 possessorum
3154 1056 3500 1132 remotius
3554 1054 3857 1128 residen-

979 1177 1177 1272 tium,
1233 1177 1609 1274 rariusque
1667 1177 2070 1252 Cracoviae
2126 1181 2711 1275 comparentium,
2772 1179 3068 1274 saepius
3123 1177 3387 1267 visitet,
3426 1179 3500 1250 iu
3536 1201 3667 1251 sua
3704 1199 3863 1250 cura

977 1299 1264 1392 habeat,
1339 1300 1900 1396 patresfamilias
1968 1300 2288 1396 ipsarum
2367 1301 2687 1374 discolos
2762 1301 3085 1398 expediri
3152 1299 3461 1388 mandet,
3518 1323 3606 1372 nc
3660 1321 3859 1394 quos-

979 1444 1260 1516 cunque
1328 1420 1652 1516 hospites
1727 1444 1857 1516 pro
1922 1419 2314 1494 residentia
2388 1423 2461 1495 in
2516 1424 2625 1496 eis
2681 1423 2839 1496 sive
2908 1419 3189 1494 modica
3242 1422 3399 1494 sive
3454 1419 3861 1494 diuturniori

977 1542 1350 1634 immitant,
1409 1541 1599 1616 serio
1653 1543 2016 1634 inhibeat,
2069 1544 2282 1617 etiam
2340 1546 2475 1617 sub
2534 1569 2768 1642 poena
2824 1543 3198 1618 eiectionis
3252 1543 3571 1639 ipsorum
3626 1566 3715 1615 ex
3766 1541 3862 1613 la-

979 1662 1194 1760 pidea
1261 1685 1390 1736 seu
1447 1687 1534 1736 ex
1589 1662 1938 1760 lapideis,
2015 1664 2467 1762 hypocausta
2540 1664 3031 1740 residentialia
3104 1672 3175 1737 et
3250 1673 3498 1760 portas
3570 1663 3865 1736 maiores

979 1785 1356 1877 ingressus
1402 1783 1763 1880 ipsarum,
1839 1793 1982 1859 tum
2042 1796 2111 1859 et
2166 1787 2631 1880 stabulorum,
2690 1788 2875 1860 seris
2932 1787 3085 1859 sive
3139 1785 3307 1858 fixis
3362 1809 3491 1858 seu
3544 1783 3863 1881 pendulis

981 1905 1268 1981 occludi
1320 1913 1392 1978 et
1443 1905 1515 1979 in
1572 1907 1868 1980 occluso
1941 1908 2207 1997 teneri,
2288 1917 2359 1982 ct
2414 1907 2663 1981 claves
2717 1907 3029 1980 omnium
3086 1906 3438 1981 dictarum
3494 1907 3749 1980 forium
3798 1906 3863 1979 iu

977 2027 1142 2102 loco
1197 2027 1340 2100 sibi
1393 2027 1650 2102 melius
1723 2029 1878 2100 viso
1947 2029 2203 2124 reponi
2258 2039 2330 2102 et
2384 2030 2803 2103 conservari
2857 2029 3213 2124 disponat,
3298 2038 3371 2101 ut
3426 2029 3533 2101 sie
3586 2038 3655 2100 et
3706 2050 3862 2100 con-

978 2150 1297 2224 servatio
1353 2158 1427 2223 et
1479 2151 1832 2224 securitas
1884 2149 2331 2248 lapidearum
2388 2151 2483 2224 ab
2537 2151 2873 2224 incendio
2926 2151 3298 2224 habeatur.

2230 2461 2682 2563 cclxiii.

1085 2669 1484 2750 Decretum
1541 2687 1776 2770 super
1821 2688 1961 2751 non
2001 2668 2660 2751 dismembratione
2716 2671 3063 2769 lapideae
3120 2668 3380 2752 eodem
3443 2671 3771 2752 Decreta

1580 2789 2111 2891 specificatae.
2171 2791 2297 2870 Die
2356 2789 2433 2870 13
2488 2790 2866 2871 Februarii
2924 2789 3009 2870 Α.
3071 2791 3276 2871 1723.

1189 3017 1515 3114 Lapidea
1587 3019 2079 3114 possessionis
2154 3016 2541 3091 modernae
2616 3019 3061 3091 Perillustris
3133 3027 3205 3090 et
3259 3017 3863 3092 Reverendissimi

979 3139 1274 3214 Domini
1333 3139 1693 3214 Dominici
1765 3139 2135 3214 Lochmau
2196 3139 2543 3213 Canonici
2600 3138 3058 3213 Cathedralis
3113 3149 3185 3213 et
3238 3138 3863 3238 Archipresbyteri

979 3261 1274 3335 Infulati
1332 3260 1878 3357 CracoviensiS,
1952 3262 2022 3335 in
2084 3285 2303 3335 cornu
2360 3263 2643 3357 plateae
2698 3261 3160 3336 Canonicalis
3231 3264 3485 3336 dextro
3542 3287 3630 3336 ex
3688 3264 3863 3335 Arce

980 3381 1529 3476 descendendo,
1597 3384 1752 3457 acie
1825 3385 2107 3457 laterali
2182 3410 2273 3457 ex
2354 3383 2685 3480 opposito
2742 3381 3077 3477 Collegio
3132 3382 3464 3457 Juridico
3522 3384 3755 3480 posita
3804 3392 3865 3455 et

981 3505 1410 3599 consistens,
1468 3530 1558 3579 ne
1596 3530 1725 3603 pro
1765 3506 2156 3579 residentia
2211 3506 2531 3596 duorum,
2592 3506 2743 3577 sive
2776 3504 3573 3578 Reverendissimorum
3632 3504 3863 3578 Domi·

979 3650 1231 3701 norum
1307 3627 1826 3719 Praelatorum,
1881 3629 2039 3701 sive
2094 3627 2618 3701 Canonicorun]
2695 3624 3231 3699 Cathedralium
3290 3625 3863 3701 Gracoviensium

981 3747 1549 3840 dismembretur,
1609 3748 1738 3823 sed
1797 3758 2143 3845 perpetua
2199 3751 2296 3823 sit
2351 3756 2773 3842 maneatque
2830 3772 2959 3843 pro
3015 3747 3407 3821 residentia
3454 3750 3666 3823 unius
3702 3750 3865 3821 dun-

981 3878 1212 3958 taxat,
1289 3872 1444 3944 sive
1516 3870 1856 3961 Praelati,
1935 3872 2091 3944 sive
2144 3870 2520 3962 Canonici,
2597 3893 2732 3941 non
2792 3871 3247 3943 obstantibus
3304 3872 3680 3965 quibusvis
3738 3871 3863 3942 De·

981 3994 1200 4067 cretis
1271 3993 1750 4066 anterioribus
1797 3993 2288 4089 Capitulorum
2358 3991 2826 4083 generalium,
2890 4016 2981 4062 ex
3038 3991 3324 4065 motivis
3378 3993 3591 4064 iustis
3644 4002 3716 4065 et
3768 4016 3865 4063 ra·

982 4114 1447 4187 tionabilibus
1521 4115 2029 4189 concluserunt
2102 4125 2172 4188 et
2228 4114 2753 4210 placitaverunt
2840 4114 3299 4186 l'erillustres
3374 4123 3445 4185 et
3516 4114 3865 4187 Reveren-

983 4235 1266 4308 dissimi
1326 4235 1640 4307 Praelati
1695 4244 1766 4309 et
1819 4236 2171 4309 Canonici
2228 4235 2689 4308 Cathedralis
2747 4234 3257 4308 Cracoviensis
3313 4236 3693 4309 Ecclesiae
3736 4237 3869 4307 Dc·

983 4366 1180 4429 creto
1235 4357 1638 4453 praesentis
1709 4358 2079 4451 generalis
2134 4358 2248 4430 sui
2302 4355 2658 4453 Capituli,
2736 4356 3020 4451 vimque
3076 4382 3163 4429 ac
3220 4358 3439 4430 robur
3494 4354 3752 4430 statuti
3804 4362 3871 4430 ut

983 4477 1269 4571 habeat,
1329 4478 1517 4552 votis
1573 4478 2053 4553 concordibus
2110 4487 2526 4553 statue-runt.
