4055 6364
1397 759 1965 836 -265—

224 967 405 1036 Cum
449 967 956 1036 beneficium
1001 967 1209 1034 dari.
1264 965 1451 1052 (Stat.
1504 967 1639 1051 VI).

432 1071 709 1138 Praelati
755 1073 820 1138 et
864 1068 1163 1137 canonici
1210 1070 1647 1136 tantummodo
1686 1067 2155 1149 cracovienses,
2199 1073 2264 1135 et
2306 1069 2462 1136 nulli
2504 1070 2612 1136 alii
2645 1070 2992 1150 inferiores,
3043 1073 3126 1139 ad

221 1175 435 1242 Maius
479 1174 701 1242 Altare
746 1174 1084 1253 celebrent,
1133 1173 1306 1239 iuxta
1340 1174 1541 1240 vicem
1575 1171 2134 1238 hebdomadarum.
2181 1171 2528 1260 Negligens
2565 1174 2827 1258 punitur
2862 1175 2927 1262 in
2966 1177 3121 1242 dua·

218 1281 343 1348 bus
386 1279 639 1359 marcia,
681 1296 945 1362 quarum
988 1277 1294 1344 medietas
1341 1277 1525 1343 cedat
1570 1276 1933 1356 celebranti,
1982 1276 2291 1343 medietas
2337 1297 2451 1361 pro
2488 1276 2925 1359 luminaribus,
2965 1297 3124 1364 quas

217 1383 383 1450 infra
427 1383 587 1450 duos
630 1400 883 1449 menses
926 1381 1177 1448 tenetur
1222 1381 1484 1449 solvere.
1518 1381 1855 1447 Becusans'
1886 1380 2266 1448 sententiam
2313 1381 2976 1450 excommunicationis
3020 1381 3120 1449 in-

218 1488 416 1554 currit
456 1489 596 1571 ipso
640 1487 832 1571 facto,
879 1505 1005 1554 non
1050 1485 1469 1553 absolvendus
1516 1485 1714 1551 donec
1758 1483 2154 1552 satisfecerit.
2220 1484 2523 1552 Executio
2569 1485 2823 1553 Decano
2871 1486 2938 1554 et
2981 1485 3122 1553 eius

216 1591 635 1679 viceagerenti
678 1591 1130 1658 committatur.

217 1780 423 1849 Cum
484 1781 890 1867 singulos
949 1780 1428 1847 Praelatos.
1499 1778 1683 1864 (Stat.
1730 1777 1897 1864 VII).

431 1885 705 1951 Praelati
751 1886 814 1951 et
868 1883 1165 1951 canonici
1211 1883 1658 1950 Cracovienses
1703 1882 1784 1948 ad
1829 1881 1950 1949 tria
1985 1879 2280 1966 capitula
2313 1883 2632 1971 generalia
2667 1885 2730 1949 in
2767 1884 2952 1951 festis
2987 1886 3120 1953 Pu·

212 1987 585 2054 riflcationis
630 1987 896 2054 Sanctae
940 1987 1199 2066 Mariae,
1250 1985 1466 2052 Sancti
1510 1985 1831 2064 stanislai,
1901 1986 1966 2052 et
2010 1986 2339 2052 Michaelis
2402 1987 2615 2054 venire
2675 1988 2992 2068 tenentur,
3055 1989 3124 2056 et

210 2093 325 2174 ibi,
375 2091 498 2158 nisi
544 2092 713 2158 aliud
760 2091 1015 2176 grandis
1063 2091 1328 2158 suadeat
1371 2089 1738 2167 necessitas,
1789 2089 1999 2176 sigillo
2039 2089 2283 2174 maiori,
2329 2092 2499 2176 quod
2545 2090 2662 2158 sub
2698 2091 2904 2160 tribus
2942 2092 3118 2158 clau·

210 2214 358 2262 sum
404 2195 593 2262 debet
636 2194 837 2262 teneri
880 2195 1069 2280 seris,
1118 2195 1339 2262 literae
1386 2193 1669 2278 sigillari.
1734 2194 2074 2277 Ingruente
2119 2194 2498 2262 necessitate
2542 2194 2778 2262 totiens
2824 2195 3120 2280 quotiens

208 2298 448 2382 poterit
506 2298 707 2364 teneri
764 2296 1125 2382 Capitulum
1170 2299 1483 2384 generale,
1550 2298 1789 2363 vocatis
1813 2345 1829 2376 ‚
1880 2296 1939 2363 si
1982 2297 2260 2381 patiatur
2302 2317 2512 2377 mora,
2579 2299 2968 2367 absentibus.
3037 2299 3120 2366 Et

206 2402 536 2471 conclusio
581 2403 1007 2486 praesentium
1050 2402 1231 2467 firma
1275 2401 1395 2480 sit,
1446 2401 1713 2466 aliorum
1766 2401 2052 2467 absentia
2109 2420 2232 2468 non
2281 2403 2593 2470 obstante.
2630 2402 3002 2470 Elevatione
3049 2403 3117 2470 iu

205 2507 415 2574 Missa
458 2507 705 2574 matura
746 2506 935 2586 facta,
988 2506 1253 2589 quilibet
1295 2505 1536 2591 ingredi
1571 2505 1861 2571 teneatur
1896 2503 2279 2588 Capitulum.
2327 2503 2394 2571 Si
2431 2507 2572 2589 quis
2618 2509 2763 2575 ante
2807 2507 3115 2591 inceptio·

203 2629 355 2677 nem
404 2610 699 2677 Summae
744 2628 869 2676 nou
912 2607 1284 2694 ingreditur,
1334 2627 1543 2676 carere
1589 2608 1779 2676 debet
1823 2608 2370 2677 distributionibus
2416 2608 2528 2676 illo
2575 2609 2702 2676 die.
2742 2609 2945 2693 Super
2989 2628 3117 2696 quo

201 2715 692 2800 procuratorum
724 2712 1145 2779 conscientiae
1194 2715 1551 2780 onerantur.

200 2902 625 2986 Quoniam
679 2903 1067 2970 infinitas
1125 2904 1206 2970 et
1261 2902 1727 2970 multitudo
1777 2921 2162 2970 onerosa.
2213 2902 2398 2987 (Stat.
2445 2904 2586 2990 IX).
2947 2897 3008 2940 ⁸

420 3005 733 3074 Gratiales
780 3004 1078 3073 canonici
1122 3026 1247 3072 non
1292 3006 1692 3090 recipiantur,
1760 3007 1995 3091 recepti
2054 3007 2210 3074 nihil
2264 3008 2419 3074 iuris
2466 3007 2749 3075 canonici
2807 3008 3109 3091 babeant,

202 3131 325 3180 nec
370 3112 706 3179 teneantur
748 3111 813 3176 in
859 3108 1065 3177 choro
1113 3112 1224 3176 aut
1269 3108 1559 3197 capitulo
1609 3129 1720 3196 pro
1765 3109 2122 3178 canonicis·

198 3304 482 3371 Decet
525 3304 615 3370 ut
656 3301 1065 3370 Ecclesia
1108 3301 1409 3368 nostra
1453 3302 2036 3368 cathedralis.
2103 3300 2290 3388 (Stat.
2336 3302 2448 3387 X).

418 3406 719 3473 Rectores
786 3406 1190 3473 ecclesiarum
1250 3404 1317 3471 in
1380 3404 1631 3471 civitate
1696 3406 1760 3470 et
1805 3404 2122 3471 suburbiis
2190 3403 2710 3473 cracoviensibus
2774 3407 3111 3475 dominicis

196 3512 453 3592 diebus,
506 3511 569 3576 in
611 3510 794 3577 festis
838 3508 1135 3577 Iohannis
1183 3509 1247 3575 et
1280 3508 1479 3573 Marci
1525 3509 2090 3593 Evangelistarum,
2140 3508 2204 3574 in
2243 3509 2721 3594 Rogationibus,
2770 3511 3108 3580 Ascensio·

198 3616 303 3682 nis
352 3614 613 3693 Christi,
662 3612 1136 3697 Assumptionis
1186 3612 1445 3691 Mariae,
1497 3631 1609 3696 per
1654 3632 1722 3679 se
1765 3613 1867 3680 vel
1912 3612 2204 3693 vicarioS,
2270 3614 2778 3697 processionibus
2825 3615 3108 3684 eiusdem

194 3720 505 3785 ecclesiae
552 3719 847 3783 tenentur
890 3718 1218 3783 interesse.
1289 3716 1341 3781 A
1388 3716 1745 3783 visitatione
1792 3715 2538 3802 Archidiaconipropter
2580 3718 2644 3784 id
2693 3718 2986 3801 exempti.
3035 3720 3108 3785 In

192 3841 325 3889 una
372 3822 502 3888 olla
544 3822 693 3898 vini,
741 3820 797 3888 si
842 3820 1259 3905 neglexerint3
1308 3822 1362 3885 si
1408 3839 1553 3888 vero
1599 3820 1889 3899 rebelles,
1956 3838 2222 3888 censura
2277 3820 2704 3888 ecclesiastica
2764 3840 2878 3906 per
2940 3819 3104 3888 Gau·

194 3930 406 3993 torem
454 3922 952 4004 cracoviensem,
1004 3923 1113 3989 aut
1158 3926 1293 3990 eius
1342 3924 1775 4005 substitutum,
1826 3924 2149 4008 puniendi.

189 4116 317 4183 Ad
390 4115 784 4182 decorem
848 4114 1204 4182 nostrae
1276 4114 1685 4181 matricis
1748 4113 2227 4181 Ecclesiae.
2280 4114 2468 4201 (Stat.
2513 4114 2687 4198 XII).

411 4218 687 4285 Praelati
750 4220 815 4284 et
859 4217 1156 4285 canonici
1203 4217 1667 4293 Oracovieuses,
1736 4237 1858 4285 non
1918 4219 2239 4298 obstante,
2291 4219 2460 4301 quod
2507 4220 2631 4285 alia
2695 4238 3104 4305 quaecunque

190 4323 510 4391 beneficia
554 4324 619 4388 in
664 4322 806 4388 aliis
855 4322 1138 4389 ecclesiis
1199 4322 1676 4405 quibuscunque
1719 4322 2098 4389 Dioeceseos
2145 4320 2573 4389 Oracoviensis
2621 4322 2950 4403 obtinent,
3021 4324 3100 4391 ab

192 4427 377 4495 omui
419 4426 852 4493 iurisdictione
898 4424 1349 4511 Capitulorum,
1400 4426 1818 4509 Decanorum,
1870 4427 2414 4511 Praepositorum,
2467 4426 3094 4511 Archidiaconorum,

188 4530 583 4599 officialium
642 4530 706 4596 et
765 4530 1049 4597 Indicum
1097 4530 1550 4615 episcopalium
1607 4530 1996 4615 generalium
2044 4532 2109 4597 et
2162 4529 2528 4614 specialium
2593 4548 3104 4616 quorumcunque

184 4634 504 4719 perpetuo
553 4632 683 4699 sint
727 4633 1019 4718 exempti,
1088 4634 1269 4699 tracti
1317 4650 1565 4717 quoque
1612 4651 1735 4699 non
1782 4633 2074 4701 tenentur
2119 4651 2328 4700 coram
2373 4632 2508 4699 illis
2543 4635 2942 4717 respondere,
2983 4636 3104 4701 nisi

186 4741 267 4806 ab
320 4736 671 4805 ordinariis
718 4756 910 4823 super
967 4740 1086 4804 boc
1133 4737 1426 4820 specialis
1486 4736 1614 4803 illis
1671 4736 2038 4804 attribuitur
2083 4738 2348 4805 facultas
2370 4785 2388 4817 ,
2459 4739 2524 4803 et
2567 4737 2852 4806 irritatur
2897 4738 3104 4806 omnis

184 4861 529 4928 processus
572 4841 640 4907 in
691 4842 1070 4908 contrarium
1117 4841 1551 4925 attemptatus.

184 5033 610 5117 Quoniam
672 5032 1107 5099 nonnulli.
1176 5030 1368 5114 (Stat.
1414 5031 1581 5115 XV).

404 5136 686 5218 Quilibet
718 5137 783 5201 in
820 5136 1202 5221 Episcopum
1241 5136 1477 5204 electus
1508 5136 1607 5202 vel
1642 5136 2029 5220 assumptus,
2054 5135 2420 5221 priusquam
2457 5137 2536 5204 de
2568 5134 2859 5222 Capitulo
2897 5140 3096 5220 exeat,

184 5241 429 5310 iurabit
472 5242 803 5309 observare
850 5240 1113 5307 firmiter
1157 5239 1514 5324 privilegia,
1578 5238 1938 5321 libertates,
2004 5240 2460 5323 immunitates,
2527 5239 2779 5309 Statuta
2841 5242 2906 5310 et
2947 5260 3096 5310 con·

188 5345 567 5415 suetudines
616 5344 937 5411 Ecclesiae
984 5342 1435 5423 Cracoviensis‚
2699 5430 2788 5497 34
