4055 6364
1375 785 1930 864 -189-

187 999 380 1100 quod
435 1022 686 1076 omnes
738 999 992 1096 tangit,
1048 1000 1142 1075 ab
1195 998 1526 1075 omnibus
1578 999 1874 1074 tractari
1929 999 2164 1094 debet,
2221 1007 2296 1077 et
2346 1001 2473 1076 ubi
2509 1001 2735 1076 multa
2770 1001 3095 1100 consilia,

183 1123 286 1198 ibi
357 1122 592 1198 salus:
664 1123 908 1219 itaque
966 1121 1402 1198 Reverendi·
1431 1121 1724 1196 Domini
1792 1122 1868 1196 in
1940 1123 2305 1219 praesenti
2373 1123 2701 1219 generali
2753 1120 3092 1222 Capitulo

187 1245 613 1340 congregati
666 1243 1008 1319 concordi
1060 1252 1231 1319 voto
1281 1251 1674 1320 sanxerunt
1726 1249 1799 1318 et
1851 1251 2285 1320 statuerunt:
2343 1252 2420 1321 ut
2454 1245 2695 1320 nullus
2729 1245 3093 1322 Reveren-

187 1366 442 1442 dorum
515 1365 981 1441 Dominorum
1055 1365 1148 1440 ad
1212 1353 1620 1466 Capitulum
1699 1365 2000 1442 veniens
2019 1424 2037 1459 ,
2112 1367 2204 1442 de
2258 1364 2594 1466 Capitulo
2665 1376 2831 1442 ante
2899 1368 3098 1443 illius

189 1483 726 1564 conclusionem
783 1489 918 1562 sub
972 1486 1376 1585 privatione
1429 1486 1836 1562 medietatis
1886 1489 2358 1565 refectionum
2422 1489 2633 1564 unius
2687 1489 2833 1565 diei
2886 1513 3093 1587 prae-

191 1619 426 1688 sumat
480 1610 710 1700 exire,
774 1609 916 1685 nisi
972 1610 1172 1708 prius
1227 1609 1451 1707 petita
1505 1617 1578 1684 et
1629 1612 1925 1685 obtenta
1974 1610 2301 1706 licentia,
2368 1635 2459 1688 ex
2512 1636 2735 1688 causa
2784 1612 3092 1707 urgenti,

185 1733 400 1827 iusta,
455 1732 782 1826 legitima
835 1739 908 1806 et
957 1756 1102 1808 non
1156 1732 1370 1827 falsa,
1425 1731 1498 1806 in
1539 1734 1950 1828 praesentia
2005 1757 2293 1809 suarum
2332 1735 2915 1811 Dominationum
2950 1733 3092 1810 Re-

189 1853 662 1930 verendarum
717 1855 1085 1951 exposita3
1141 1854 1326 1928 alias
1381 1854 1445 1928 si
1499 1854 1664 1950 quis
1715 1855 2185 1931 Dominorum
2247 1858 2507 1932 falsam
2565 1881 2860 1934 causam
2917 1857 3095 1932 alle-

187 1977 473 2072 gaverit
525 1987 598 2052 et
651 1984 906 2074 postea
961 1976 1049 2050 de
1084 1977 1284 2052 illius
1318 1975 1639 2050 falsitate
1677 1979 2052 2053 convictus
2085 1979 2320 2076 fuerit,
2376 1980 2597 2058 totius
2650 1981 3096 2078 septimanae

189 2099 650 2196 quotidianas
703 2099 1246 2174 distributiones
1297 2098 1592 2174 amittet.
2030 2093 2047 2110 ⁸

1407 2409 1882 2512 CCXXXI.

193 2620 594 2702 Decretum
651 2618 744 2700 de
796 2620 1005 2702 Anno
1062 2618 1386 2720 avanae.
1445 2620 1654 2702 Anne
1693 2619 1884 2702 1614.
1943 2620 2072 2702 Die
2108 2619 2427 2704 veneris
2465 2620 2541 2703 16
2581 2623 2865 2712 mensis
2902 2622 3093 2704 maii.

397 2829 966 2924 Ambiguitatem
1021 2827 1284 2906 Statuti
1322 2829 1766 2930 Capitularis
1819 2830 2099 2925 tollere,
2158 2832 2618 2928 quaestiones
2671 2856 2759 2907 ac
2812 2840 3096 2908 contro·

195 2951 481 3028 versias
553 2975 738 3049 quae
809 2953 1223 3049 frequenter
1294 2954 1385 3029 de
1441 2954 1812 3030 seminatis
1866 2953 2069 3048 agris
2122 2951 2551 3030 hiemalibus
2605 2964 2678 3029 et
2730 2956 3097 3030 aestivali-

189 3075 330 3151 bus
397 3075 472 3150 in
527 3073 750 3151 Villis
815 3076 1516 3173 praestimonialibus
1583 3077 1772 3151 inter
1821 3075 2295 3152 Reverendos
2345 3077 2734 3172 Dominos‚
2810 3077 3091 3174 quoties

189 3200 394 3297 ipsos
447 3198 569 3273 vel
622 3198 930 3295 aliquem
977 3199 1293 3296 ipsorum
1349 3223 1480 3297 per
1516 3222 1800 3275 cessum
1854 3200 1974 3274 vel
2011 3199 2387 3275 decessum
2443 3199 2535 3275 de
2572 3224 2715 3275 una
2751 3200 2951 3276 Villa
3001 3199 3098 3275 ad

192 3322 410 3397 aliam
464 3321 772 3395 transire
825 3320 1230 3415 contigerit,
1287 3320 1631 3415 oriuntur,
1685 3320 1760 3395 in
1815 3323 2127 3398 futurum
2183 3320 2438 3396 sedare
2474 3322 2823 3417 volentes,
2859 3321 3095 3397 Reve-

189 3442 396 3519 rendi
421 3442 719 3517 Domini
753 3442 828 3517 in
863 3442 1004 3518 hoc
1031 3440 1368 3540 Capitulo
1424 3444 1847 3537 congregati
1881 3443 2229 3538 generali,
2282 3451 2527 3520 mutua
2581 3444 3097 3520 deliberatione

193 3564 643 3663 praehabita,
698 3564 1016 3639 unanimi
1070 3575 1144 3640 et
1197 3564 1535 3641 concordi
1572 3567 1887 3641 omnium
1925 3588 2282 3641 consensu
2336 3565 2830 3659 decreverunt,
2887 3590 3095 3665 prae-

194 3688 420 3765 fatum
469 3684 824 3763 Statutum
868 3688 1262 3786 capitulare
1317 3712 1536 3787 super
1595 3688 2016 3785 praemissis
2060 3688 2585 3785 promulgatum
2642 3688 3095 3763 retractando

195 3820 266 3884 et
317 3806 672 3884 Statutum
730 3805 1008 3906 Synodi
1033 3807 1514 3886 Provincialis
1553 3810 2009 3886 Gnesnensis
2064 3809 2155 3885 de
2208 3810 2419 3885 Anno
2474 3811 2754 3905 gratiae
2807 3812 3095 3904 factum,

193 3929 636 4007 inhaerendo
673 3931 886 4007 etiam
926 3930 1183 4007 Bullae
1237 3933 1404 4031 piae
1438 3934 1826 4009 memoriae
1860 3932 2134 4007 Leonis
2170 3932 2440 4030 Papae,
2498 3954 2680 4029 quae
2716 3956 2761 4005 a
2798 3928 3096 4030 Synodo

195 4052 645 4127 Provinciali
680 4062 792 4129 est
815 4061 1110 4153 recepta
1164 4063 1237 4131 et
1271 4056 1346 4129 in
1375 4055 1599 4132 Libro
1636 4063 1888 4153 quarto
1921 4052 2360 4132 Statutorum
2394 4054 2951 4130 Provincialinm
2988 4055 3094 4129 in·

195 4176 481 4251 venitur
502 4176 795 4269 inserta,
833 4163 1172 4274 tanquam
1201 4178 1489 4272 iustum,
1525 4177 1928 4275 rationique
1965 4185 2040 4252 et
2071 4177 2416 4275 aequitati
2453 4200 2869 4271 consonum,
2896 4199 3095 4251 reas-

197 4297 570 4393 sumend0‚
609 4305 822 4396 prout
851 4322 1134 4374 exnunc
1168 4307 1559 4375 retractant
1606 4309 1677 4376 et
1712 4308 2186 4395 reassumunt,
2224 4300 2505 4397 hocque
2532 4299 2882 4375 Statutum
2916 4298 3095 4375 Pro-

197 4420 508 4495 vinciale
562 4428 634 4496 et
685 4444 828 4495 non
885 4420 1337 4520 Capitulare‚
1412 4422 1672 4498 amodo
1743 4430 1816 4497 et
1867 4420 2216 4521 deinceps
2266 4423 2527 4499 futuris
2589 4446 2678 4496 ac
2730 4422 3098 4521 perpetuis

197 4542 644 4640 temporibus
695 4543 769 4617 in
824 4544 978 4618 suis
1024 4545 1308 4642 punctis
1363 4552 1435 4620 et
1489 4544 1836 4621 clausulis
1888 4569 1934 4619 a
1989 4544 2326 4620 Dominis
2378 4544 2677 4620 firmiter
2720 4544 3097 4620 observari

197 4664 472 4759 volunt,
527 4665 665 4739 sub
717 4667 1241 4765 approbatione
1295 4676 1532 4742 tamen
1585 4666 2071 4763 Illustrissimi
2122 4674 2195 4741 ot
2245 4666 2861 4743 Reverendissimi
2913 4665 3097 4741 Loci

200 4784 592 4861 Ordinarii.
647 4785 768 4861 Ad
821 4788 1024 4863 cuius
1061 4788 1355 4863 Decreti
1411 4789 1884 4886 suprascripti
1937 4788 2567 4886 ab‚Illustrissimo
2624 4796 2696 4864 et
2728 4787 3095 4863 Reveren-

201 4906 502 4984 dissimo
540 4909 853 4984 Domino
905 4910 1277 5009 Episcopo
1315 4910 1786 4986 Cracoviensi
1841 4911 2300 4986 obtinendam
2356 4910 2949 5008 approbationem
3004 4908 3095 4984 de

199 5032 480 5125 gremio
535 5030 853 5129 Capituli
907 5040 1074 5107 sunt
1127 5032 1448 5129 deputati
1501 5032 1910 5107 Reverendi
1961 5034 2257 5109 Domini
2307 5032 2361 5109 J
2362 5036 2635 5109 acobus
2683 5032 3095 5109 Ostrowski

202 5162 271 5228 et
320 5152 590 5229 Petrus
643 5150 1073 5230 Skidzinski
1126 5153 1476 5231 Canonici
1530 5154 2081 5232 Oracovienses.
