4055 6364
2082 739 2589 816 -54...

867 946 1013 1021 lum
1087 953 1159 1020 61
1225 947 1528 1022 liberum
1602 947 2032 1041 ingressum.
2126 945 2205 1022 Si
2260 949 2423 1044 quis
2495 956 2731 1024 autem
2805 951 3225 1056 praemissis
3299 953 3630 1029 omnibus
3710 962 3791 1029 61

869 1069 1212 1163 singulis,
1270 1070 1626 1143 contraire
1682 1091 1864 1145 ausu
1917 1069 2299 1144 temerario
2355 1073 2941 1168 praesumpserit,
2998 1082 3285 1170 praeter
3335 1075 3785 1170 indignatio-

867 1215 1026 1264 nem
1085 1189 1618 1287 Omnipotentis
1667 1191 1812 1266 Dei
1867 1198 1939 1265 et
1991 1187 2415 1269 Sanctorum
2482 1191 2953 1268 Patronorum
3024 1193 3405 1270 Ecclesiae
3474 1205 3783 1272 nostrae

865 1309 1230 1404 stanislai,
1286 1310 1701 1406 Venceslai,
1759 1311 2163 1405 Adalbcrti,
2224 1313 2547 1386 Floriani
2601 1322 2673 1387 61
2728 1311 3037 1390 Sanctae
3092 1315 3494 1413 Hedvigis,
3552 1342 3783 1414 quam

799 1463 810 1477 ·
865 1457 946 1508 se
1001 1434 1232 1507 sciant
1284 1435 1446 1530 ipso
1500 1435 1691 1508 facto
1746 1433 2194 1510 incursurum
2249 1434 2325 1507 iu
2362 1441 2617 1532 quarta
2667 1444 2871 1533 parte
2926 1438 3239 1511 omnium
3291 1448 3778 1535 proventuum

863 1557 976 1631 sui
1028 1558 1383 1652 beneficii,
1440 1559 1559 1631 vel
1612 1558 1852 1651 officii,
1911 1556 2104 1654 quod
2156 1557 2231 1630 111
2286 1556 2626 1630 Ecclesia
2680 1555 3153 1634 Cracoviensi
3208 1569 3331 1633 aut
3364 1561 3561 1635 illius
3614 1559 3777 1634 Ec-

863 1677 1109 1754 clesiis
1161 1680 1233 1752 in
1291 1703 1431 1774 qua
1486 1689 1810 1754 servatur
1879 1679 2373 1772 interdictum,
2433 1687 2504 1752 61
2554 1679 2627 1751 111
2684 1701 2825 1773 qua
2878 1679 3099 1754 habet
3168 1681 3591 1756 beneficium
3646 1683 3779 1756 vel

861 1801 1199 1892 officium,
1255 1803 1452 1876 illius
1491 1803 1834 1876 duntaxat
1869 1802 2061 1895 anni,
2116 1823 2248 1897 per
2282 1801 2423 1874 loci
2482 1798 2963 1894 Ordinarium,
3024 1811 3147 1878 aut
3200 1804 3355 1878 eius
3410 1803 3779 1878 Commis-

861 1924 1124 1998 sarium
1197 1924 1576 1999 mulctetur
1647 1933 1719 1999 et
1786 1925 2141 2020 puniatur,
2224 1922 2422 1996 nullo
2496 1922 2635 1995 sibi
2708 1925 3025 1999 remedio
3108 1933 3229 1998 aut
3299 1927 3777 1999 excusatione

861 2047 1338 2141 suffragante,
1406 2045 1873 2120 coer.cendus
1965 2046 2225 2120 Actum
2283 2051 2353 2118 et
2400 2043 2645 2117 datum
2702 2045 2776 2117 in
2832 2044 3168 2143 Capitulo
3226 2045 3571 2122 Gener-ali
3626 2071 3771 2144 pro

857 2166 1082 2242 Festo
1137 2167 1672 2243 Purificationis
1725 2149 2202 2244 Beatissimae
2256 2166 2532 2239 Mariae
2588 2165 2938 2261 Virginis.
3002 2168 3217 2243 Anno
3272 2168 3540 2243 domini
3592 2169 3769 2242 Mil-

855 2288 1112 2362 lesimo
1166 2288 1894 2384 Quadringentesimo
1949 2287 2502 2386 Septuagesimo
2560 2285 2841 2362 Octavo
2896 2289 3040 2364 Die
3088 2289 3497 2366 Undecima
3550 2290 3767 2366 Men-

857 2411 962 2486 sis
1016 2411 1419 2487 Februarii.

2103 2741 2518 2843 LXXVI.

956 2952 1060 3032 06
1116 2950 1574 3052 litigantibus
1630 2971 1864 3053 super
1919 2951 2403 3050 canonicatu,
2462 2950 2848 3033 statutum
2905 2970 3161 3034 novum
3219 2951 3664 3052 capitulare.

913 3230 922 3240 .
1063 3161 1415 3252 Quamvis
1470 3162 1733 3239 dudum
1792 3163 2085 3259 antiqua
2140 3172 2211 3237 et
2264 3161 2881 3237 commendatione
2936 3161 3157 3257 digna
3210 3164 3753 3257 consuetudine,

849 3286 1030 3361 Jurc
1086 3297 1369 3382 quoque
1424 3288 1640 3362 fuerit
1677 3295 1748 3361 et
1785 3287 1898 3380 sit,
1958 3288 2307 3360 sancitum
2346 3295 2417 3359 61
2452 3286 2925 3382 approbatum
2966 3298 3037 3358 et
3074 3284 3499 3379 ordinatum,
3559 3289 3755 3382 quod

851 3410 1132 3483 duobus
1213 3432 1430 3506 super
1511 3410 1972 3504 Praelatura,
2058 3410 2498 3484 Canonicatu
2580 3408 2699 3481 vel
2770 3407 3195 3482 Praebenda
3264 3410 3337 3482 in
3410 3408 3754 3483 Ecclesia

850 3530 1322 3605 Oracoviensi
1390 3531 1880 3625 litigantibus,
1955 3538 2207 3605 neuter
2274 3530 2557 3604 illorum
2630 3528 2924 3603 deberet
2987 3529 3077 3602 ad
3136 3528 3545 3626 Capitulum
3618 3531 3751 3603 ad-

848 3653 1072 3745 mitti,
1145 3676 1280 3727 nec
1333 3654 1694 3749 aliquibus
1767 3654 2087 3747 gaudere
2160 3652 2647 3749 portionibus,
2722 3653 2845 3725 lite
2900 3652 3308 3726 huiusmodi
3381 3652 3565 3725 inter
3618 3674 3752 3727 eos

849 3776 1184 3869 durante,
1259 3784 1471 3871 prout
1526 3784 1596 3847 et
1651 3774 2245 3870 quemadmodum
2317 3776 2389 3847 in
2448 3772 2726 3847 Statuto
2782 3773 3181 3869 Capitulari
3254 3774 3494 3847 taliter
3564 3774 3749 3847 inci-

849 3897 1112 3993 pienti:
1179 3897 1382 3983 „Juri
1422 3906 1494 3970 et
1529 3899 1864 3993 antiquae
1919 3897 2420 3972 consuetudini
2473 3919 2554 3971 se
2591 3897 3159 3971 conformantes“
3228 3903 3363 3968 etc.
3422 3896 3745 3970 contine-

849 4026 962 4093 tur
1014 4026 1086 4092 et
1136 4018 1460 4094 habetur.
1521 4018 1790 4095 Verum
1848 4020 2016 4116 quia
2070 4019 2165 4092 ab
2218 4019 2579 4115 aliquibus
2631 4018 2702 4091 in
2762 4017 2977 4090 aliam
3033 4018 3437 4115 opinionem
3487 4026 3557 4091 et
3592 4043 3745 4091 ma-

847 4140 965 4233 gis
1019 4142 1088 4213 in
1146 4141 1334 4214 hunc
1391 4165 1680 4216 sensum
1735 4143 2199 4233 referebatur,
2276 4142 2463 4237 quod
2518 4141 2859 4215 videlicet
2914 4140 3196 4215 duobus
3264 4140 3741 4235 litigantibus,

843 4263 915 4335 id
974 4271 1116 4358 661,
1173 4265 1366 4338 1116111
1423 4265 1609 4339 inter
1667 4288 1746 4339 se
1800 4290 1932 4363 per
1984 4263 2412 4339 Citationem
2489 4264 2774 4339 Judicis
2848 4262 3356 4359 competentiS,
3434 4270 3555 4335 aut
3605 4286 3743 4359 per

843 4383 1445 4481 Appellationem,
1485 4388 1628 4460 vim
1668 4385 2050 4461 Citationis
2088 4386 2493 4479 habentem,
2550 4410 2767 4483 super
2804 4385 3249 4471 Praelatura,
3290 4384 3741 4458 Canonicatu

843 4514 915 4579 et
984 4507 1406 4583 Praebenda
1463 4510 1858 4605 acceptatis
1914 4510 2411 4602 moventibuS,
2486 4517 2737 4583 11611161·
2808 4531 3051 4581 66111111
3126 4515 3385 4580 extunc
3458 4505 3739 4579 admitti

841 4629 1156 4722 deberet,
1211 4638 1357 4703 tam
1415 4630 1506 4703 ad
1563 4631 1992 4727 Capitulum,
2052 4655 2260 4726 quam
2319 4631 2411 4704 ad
2466 4631 2919 4705 refectiones.
2977 4630 3074 4703 Et
3126 4641 3505 4725 antequam
3562 4652 3733 4701 con-

839 4760 1062 4825 staret
1117 4753 1205 4826 de
1265 4754 1456 4827 dicta
1508 4753 1658 4826 litis
1716 4754 2119 4849 pendentia,
2179 4752 2369 4848 quod
2424 4754 2653 4849 primo
2708 4762 3043 4849 receptus
3096 4752 3401 4843 interim,
3461 4760 3601 4823 tam
3654 4752 3733 4824 in

835 4873 1212 4966 Ecclesia,
1290 4898 1497 4970 quam
1553 4875 1624 4948 in
1684 4874 2020 4971 Capitulo
2078 4898 2207 4971 pro
2264 4898 2691 4971 possessore
2744 4876 3182 4967 1111161·1,61
3236 4874 3563 4947 omnibus
3616 4897 3732 4946 re-

833 4997 1266 5071 sectionibus
1320 4998 1460 5071 frui
1516 4996 1585 5071 et
1637 4998 1741 5072 uti
1797 4980 2109 5072 deberet.
2172 4998 2523 5073 Volentes
2576 4998 2794 5092 igitur
2848 4996 3112 5071 1116111111
3169 4994 3543 5085 Statutum,
3600 4995 3733 5068 du-

833 5121 975 5194 biis
1031 5121 1405 5217 quibusvis
1461 5130 1530 5193 et
1587 5121 2041 5216 opinionibus
2097 5121 2585 5217 suspensivis‚
2662 5120 2964 5194 succisis
3038 5129 3109 5193 61
3162 5119 3579 5215 amputatis,
3649 5116 3727 5189 in

829 5242 1250 5316 lucidiorem
1311 5241 1864 5316 declarationem
1923 5243 2319 5334 deducere,
2388 5243 2724 5338 antiquae
2780 5253 2849 5315 et
2902 5242 3293 5340 aprobatae
3350 5246 3725 5313 consuetu-

833 5365 982 5439 dini
1035 5390 1080 5439 a
1134 5364 1399 5439 dudum
1454 5372 1693 5439 tentae
1745 5366 2173 5460 innitentes,
2242 5365 2660 5459 statuimus,
2736 5363 3261 5439 declaravimus
3316 5370 3388 5437 et
3441 5360 3723 5437 ordina-
