4055 6364
2109 720 2468 797 -282
2585 764 2674 777 —

1148 930 1253 995 De
1298 928 1613 1013 gratiis
1660 928 1903 995 conse
1924 927 2214 995 tendis
2253 926 2512 1013 (Statut.
2548 928 2918 1013 CXXXVI).
2955 928 3094 995 Hoc
3132 926 3384 995 Statuto
3419 928 3596 994 Anno
3623 928 3824 994 Mine-

938 1034 1096 1100 simo
1144 1031 1662 1115 Quingentesimo
1712 1032 2139 1117 octuagesimo
2187 1031 2600 1099 constitutum
2644 1032 2783 1111 fuit,
2835 1052 2912 1097 ne
2959 1032 3199 1117 gratiae
3247 1052 3282 1097 a
3327 1032 3550 1097 Mensa
3589 1034 3828 1115 episco-

936 1137 1067 1221 pali
1112 1156 1220 1218 per
1266 1136 1739 1202 Illustrissimos
1804 1134 1955 1201 Loci
2002 1124 2390 1214 OrdinatioS,
2440 1136 2728 1213 maiores,
2782 1156 2971 1220 quam
3017 1135 3521 1219 Quadringentos
3563 1136 3826 1201 florenos

936 1240 1381 1307 fructificantes
1428 1235 1889 1323 capitularibus
1936 1240 2446 1318 concederentur;
2495 1240 2606 1305 sed
2645 1242 3016 1313 successive,
3068 1239 3248 1305 Auno
3287 1239 3576 1306 videlicet
3617 1240 3824 1304 Mille·

938 1346 1097 1412 simo
1163 1342 1625 1409 Sexcentesimo
1690 1346 1912 1426 quarto
1985 1362 2097 1426 per
2152 1342 2473 1410 Statutum
2539 1344 2850 1427 posterius
2898 1343 3172 1428 (CXCV)
3236 1344 3394 1409 haec
3457 1341 3832 1426 parsimonia

941 1450 1213 1515 retracta
1259 1456 1375 1528 est,
1427 1451 1491 1515 et
1534 1446 1993 1514 munificentiae
2040 1446 2620 1514 Illustrissimorum
2665 1449 2854 1513 laxati
2901 1446 3157 1513 limites

1144 1655 1250 1721 De
1314 1672 1478 1720 non
1524 1654 2094 1720 celebrandis
2157 1654 2468 1721 Missis
2531 1656 2620 1721 ad
2666 1654 2970 1721 Altare
3033 1654 3329 1721 Sancti
3394 1654 3834 1721 stanislai

936 1778 1086 1843 per
1131 1761 1605 1824 extraneos
1670 1758 1859 1823 sine
1924 1759 2300 1825 licentia
2358 1758 2988 1825 Illustrissimi
3050 1760 3124 1824 in
3190 1758 3836 1842 Spiritualibus

938 1864 1023 1929 Vi
1049 1863 1269 1928 carii
1342 1860 1603 1947 (Statut.
1660 1862 2025 1943 CLXXIII).
2103 1862 2244 1929 Hoc
2290 1861 2611 1928 Statutum
2673 1862 2812 1946 ipso
2876 1864 3355 1929 immemorabili
3422 1864 3633 1929 disusu
3679 1862 3830 1928 abo-

946 1966 1129 2033 litum
1178 1967 1291 2031 est.

1148 2175 1261 2241 De
1316 2191 1587 2257 poena
1644 2174 1948 2237 contra
2012 2172 2578 2257 capitulares
2646 2172 3056 2239 nolentes
3103 2176 3566 2240 secuudum
3613 2173 3832 2240 ordi-

946 2295 1126 2345 nem
1176 2276 1407 2343 senii
1454 2276 1589 2342 sui
1632 2276 2056 2360 Episcop(
2130 2276 2754 2359 pontificalter
2799 2276 3302 2343 celebranti
3347 2277 3833 2343 ministrare

941 2382 1207 2467 (statut.
1258 2379 1495 2457 CCIX).
1561 2378 1793 2446 Contra
1847 2381 1967 2446 hoc
2014 2379 2334 2446 Statutum
2379 2400 2500 2447 usu
2554 2382 3034 2446 immemorabili
3100 2383 3556 2465 praescriptum
3593 2384 3706 2460 est,
3756 2382 3826 2447 ut

946 2504 1069 2552 non
1120 2485 1238 2551 nisi
1282 2484 1608 2551 vocatione
1652 2484 1927 2551 iuniores
1974 2483 2272 2551 Canonici
2317 2486 2670 2551 ministrare
2717 2486 3175 2551 consueverint.

1536 2916 1630 2987 Ad
1676 2916 1949 2985 tertiam
1996 2914 2456 3003 Catheani-iam
2503 2914 2776 2988 statuta
2822 2916 3240 3003 pertinentia.

1148 3105 1782 3174 Illustrissimi
1848 3106 2340 3174 Grothonis
2404 3108 2498 3174 de
2545 3108 2796 3173 novis
2844 3105 3314 3174 canonicis
3367 3109 3828 3174 installan-

942 3211 1073 3280 dis
1136 3212 1397 3299 (Statut.
1448 3208 1591 3298 111),
1644 3212 1930 3296 obligans
1978 3231 2107 3290 eos,
2191 3215 2263 3279 ut
2305 3229 2493 3298 super
2541 3209 2793 3278 Statuta
2839 3214 2903 3278 et
2945 3209 3295 3278 laudabiles
3339 3211 3832 3298 ‚consuetudines

942 3337 1017 3384 ac
1062 3317 1302 3394 secreta
1348 3315 1623 3400 Capituli
1670 3315 1975 3381 servanda
2020 3315 2266 3394 iurent,
2328 3313 2606 3398 cappam
2651 3316 2883 3382 valoris
2929 3317 3120 3382 trium
3167 3333 3517 3382 marearum
3563 3335 3676 3398 pro
3721 3313 3832 3380 Sa-

944 3421 1156 3488 cristia
1202 3422 1584 3503 comparent,
1651 3420 1714 3484 et
1758 3419 2009 3485 nomine
2056 3418 2310 3484 iucundi
2356 3419 2697 3504 ingressuS,
2767 3419 3033 3505 singulis
3080 3419 3548 3503 capitularibus
3603 3419 3830 3484 certum

940 3525 1245 3609 quantum
1292 3524 1417 3592 vini
1456 3523 1621 3590 dono
1666 3523 2033 3608 largiantur.
2080 3522 2219 3588 Hoc
2266 3521 2587 3588 Statutum
2634 3524 2984 3590 successive
3023 3543 3134 3607 per
3153 3524 3516 3607 ,posteriora
3561 3521 3829 3599 Statuta,

943 3628 1149 3713 quoad
1212 3628 1516 3712 punctum
1584 3625 1951 3710 Cappalium
2029 3627 2431 3692 immutatum
2505 3630 2604 3693 est
2664 3627 2851 3693 varie.
2944 3631 3191 3692 Primo:
3259 3627 3670 3693 Immutatum
3729 3643 3836 3710 per

943 3731 1456 3799 illustrissimum
1520 3729 1862 3816 Sbigneum
1910 3729 2229 3797 Olesnicki
2276 3730 2535 3818 (Statut.
2585 3731 2816 3816 XXX),
2885 3732 2994 3798 ubi
3037 3733 3273 3798 abolita
3316 3731 3650 3816 largitione
3691 3729 3831 3808 vini,

941 3829 1286 3919 iniungitur
1331 3834 1873 3913 neoinstallandis,
1938 3837 2010 3900 ut
2055 3854 2165 3918 pro
2214 3835 2428 3918 Cappa
2491 3855 2614 3901 non
2659 3837 2809 3914 tres,
2879 3836 2991 3902 sed
3037 3835 3379 3903 duodecem
3427 3853 3670 3900 marcas
3713 3834 3835 3899 sol-

941 3941 1109 4007 vant.
1168 3943 1485 4004 Secundo:
1546 3939 1952 4006 Immutatum
2008 3937 2193 4004 Anno
2248 3939 2414 4003 1600
2460 3939 2520 4004 d.
2576 3938 2656 4004 18
2704 3939 3047 4016 Februarii,
3118 3959 3229 4022 per
3272 3939 3612 4004 Decretum
3655 3955 3834 4022 gene-

943 4044 1094 4110 ralis
1144 4041 1419 4126 Capituli
1482 4043 1681 4128 (quod
1723 4043 2146 4128 ingrossatum
2194 4041 2461 4108 habetur
2507 4042 2758 4110 Statuto
2806 4042 3168 4127 CLXXIV),
3233 4043 3707 4128 iniunctumque
3748 4041 3838 4107 est

944 4145 1487 4226 neoinstallandis‚
1537 4147 1611 4212 ut
1654 4165 1779 4212 non
1827 4146 2192 4226 duodecem,
2245 4146 2355 4212 sed
2403 4146 2730 4214 sexdecem
2776 4166 3040 4227 marcae,
3081 4147 3264 4212 alias
3309 4145 3584 4211 florenos
3627 4142 3834 4232 viginti

947 4249 1247 4334 quinque,
1315 4267 1571 4334 grossos
1620 4247 2000 4328 octodecem,
2070 4249 2321 4315 nomine
2369 4248 2756 4333 cappalium-
2787 4251 3055 4318 solvant.
3131 4249 3215 4316 Et
3255 4249 3348 4316 ita
3393 4250 3724 4316 solvebant
3764 4249 3833 4315 ab

945 4355 1127 4420 Anno
1182 4352 1351 4417 1600
1396 4372 1596 4437 usque
1642 4353 1720 4418 ad
1768 4355 2019 4419 Annum
2063 4353 2230 4418 1644
2273 4354 2594 4430 inclusive,
2642 4356 2733 4420 uti
2779 4355 2988 4420 videre
3035 4356 3133 4419 est
3175 4355 3240 4418 in
3285 4356 3587 4438 regestris
3639 4351 3835 4419 Sacri·

945 4457 1139 4524 stiae!
1203 4456 1484 4524 Tandem
1546 4458 1967 4524 crescentibus
2042 4459 2260 4540 pretiis
2324 4477 2555 4535 rerum,
2633 4478 2776 4524 cum
2824 4457 3042 4543 Cappa
3106 4458 3299 4542 digna
3365 4455 3662 4542 capitulo
3723 4473 3834 4520 non

944 4563 1163 4644 posset
1203 4561 1335 4627 tam
1382 4579 1571 4644 parvo
1619 4562 1819 4645 pretio
1867 4560 2013 4640 emi,
2067 4563 2474 4628 constitutum
2524 4564 2622 4628 est
2677 4583 2787 4646 per
2833 4561 3218 4647 Capitulum,
3271 4563 3343 4628 ut
3388 4563 3636 4628 solvant
3679 4579 3832 4625 mar·

946 4684 1053 4731 cas
1100 4665 1553 4749 quinquaginta
1600 4666 1863 4748 septem,
1915 4665 2076 4731 alias
2120 4666 2390 4732 florenos
2437 4667 2798 4752 octuaginta
2857 4686 3100 4746 novem,
3151 4683 3410 4752 grossos
3457 4666 3831 4739 duodecem:

948 4770 1011 4834 et
1056 4768 1267 4834 taliter
1312 4769 1640 4834 solvebant
1684 4769 1763 4834 ab
1809 4768 1990 4834 Anno
2043 4769 2232 4846 1644,
2283 4770 2374 4835 uti
2419 4771 2704 4856 regestra
2748 4769 3085 4838 sacristiae
3130 4770 3464 4848 testantur,
3525 4787 3724 4854 usque
3767 4765 3838 4832 ad

946 4871 1195 4940 Annum
1241 4869 1427 4935 1651.
1478 4872 1777 4938 Finaliter
1804 4873 1984 4938 Anno
2019 4871 2206 4951 1652,
2256 4873 2482 4939 iisdem
2527 4873 2826 4959 regestris
2876 4873 3211 4940 Sacristiae
3253 4875 3546 4951 testibus,
3597 4870 3838 4938 solvunt

946 4975 1337 5042 uniformiter
1370 4972 1437 5040 in
1466 4975 1630 5040 diem
1676 4975 2040 5042 hodiernam
2085 4975 2354 5044 florenos
2403 4977 2742 5061 nonaginta
2788 4997 2916 5044 sex.
2963 4978 3046 5045 Et
3080 4979 3145 5043 in
3181 4980 3502 5062 posterum
3548 4992 3837 5059 praesens

948 5079 1237 5162 generale
1283 5075 1646 5162 Capitulum
1682 5079 1977 5158 decernit,
2025 5083 2100 5145 ut
2134 5081 2421 5147 similiter
2456 5083 2722 5159 solvant,
2766 5084 2882 5148 sub
2921 5101 3122 5164 poena
3157 5081 3520 5166 privationis
3559 5077 3837 5144 refectio-

946 5201 1101 5250 num
1143 5183 1244 5250 vel
1288 5183 1699 5264 proventuum
1761 5181 1970 5261 fundi,
2059 5201 2258 5268 usque
2320 5186 2470 5252 dum
2535 5185 2855 5254 solverint.
2935 5183 3207 5253 Cautum
3267 5187 3481 5252 tamen
3545 5185 3645 5250 est
3716 5182 3844 5265 (per

951 5282 1265 5352 Statutum
1308 5284 1591 5368 CXXX),
1643 5283 1945 5370 Cappalia
1981 5306 2016 5350 a
2054 5289 2232 5354 novis
2281 5287 2614 5355 canonicis
2663 5291 2857 5358 semel
2893 5291 3196 5358 duntaxat
3229 5290 3550 5366 solvenda,
3604 5281 3845 5354 etiamsi
