4055 6364
1419 728 1934 809 -85-

229 968 408 1021 mum
461 968 592 1042 pro
646 944 953 1021 utilitate
1005 942 1386 1017 Ecclesiae
1441 941 1778 1016 constitui
1829 947 2122 1039 potest,
2151 940 2342 1037 quod
2376 918 2539 1015 'non
2575 936 2930 1014 interdum
2986 937 3117 1011 ali-

229 1090 512 1163 quorum
551 1066 846 1143 ambitio
885 1075 955 1141 et
991 1063 1348 1163 cupiditas
1401 1072 1816 1162 pervertere
1871 1069 2115 1160 atque·
2142 1083 2601 1159 corrumpere
2656 1060 2917 1159 possit3
2974 1068 3120 1134 sta-

227 1198 500 1269 tuerunt
551 1197 622 1265 et
675 1189 1150 1265 decreverunt
1212 1186 1623 1261 Reverendi
1678 1185 1970 1259 Domini
2045 1185 2527 1260 concordibus
2581 1182 2991 1277 suffrag-iis:
3048 1192 3125 1259 ut

231 1313 464 1387 nullae
517 1312 864 1409 deinceps
918 1311 1412 1405 alienationes,
1472 1309 2021 1400 concessiones,
2083 1309 2640 1407 permutationes
2694 1313 2766 1393 ct
2819 1305 3123 1379 diminu-

229 1436 454 1509 tiones
522 1436 871 1509 bonorum
945 1432 1660 1525 Ecclesiasticorum,
1742 1430 2045 1505 Mensae
2117 1429 2623 1528 Episcopalis,
2699 1448 3125 1524 quacunque

227 1559 492 1634 ratione
547 1565 620 1631 et
671 1557 924 1649 mod0,
998 1556 1154 1630 sive
1205 1555 1380 1629 illae
1433 1555 1590 1629 fieri
1654 1553 1963 1627 debeant
2034 1560 2578 1657 temporaneae,
2656 1549 2813 1625 sive
2872 1571 3123 1646 perpe·

231 1688 426 1773 tuae,
481 1703 613 1777 per
666 1677 1105 1754 Venerabile
1161 1675 1570 1775 Capitulum
1632 1675 2116 1751 admittantur.
2203 1674 2417 1765 Quod
2474 1674 2537 1749 si
2592 1672 2754 1769 quis
2806 1678 3123 1769 postmo-

231 1800 389 1877 dum
444 1801 710 1876 oblitus
764 1799 1227 1875 iurisiurandi
1281 1800 1416 1890 sui,
1475 1821 1614 1895 quo
1671 1798 2051 1873 Ecclesiae
2108 1806 2219 1873 est
2274 1797 2684 1891 obstrictae,
2743 1793 3127 1889 suffragari

231 1947 312 1998 ea
352 1924 427 1997 in
474 1948 553 1998 re
607 1923 934 2020 petitioni
989 1930 1061 1996 et
1115 1920 1486 2019 cupiditati
1541 1921 1847 1995 alicuius
1905 1921 2231 2013 voluerit,
2292 1941 2865 2015 consensumque
2920 1940 3127 1992 suum

231 2045 422 2127 inid
475 2045 929 2144 praebuerit,
1005 2045 1244 2119 statim
1299 2067 1429 2141 per
1484 2039 1853 2118 Seniorem
1918 2040 2329 2117 Praelatum
2388 2068 2431 2117 a
2487 2039 2824 2139 Capitulo
2880 2039 3123 2114 exclu-

231 2166 454 2261 datur,
506 2168 992 2263 indignusque
1047 2167 1259 2241 domo
1315 2174 1386 2240 et
1437 2164 1614 2239 villa
1667 2165 2233 2261 praestimoniali
2275 2171 2369 2241 'ac
2406 2164 2597 2240 omni
2649 2161 3003 2238 beneficio
3058 2169 3130 2235 et

233 2290 733 2389 praerogativa
795 2296 1144 2388 perpetuo
1220 2295 1623 2375 censeatur,
1681 2296 1751 2361 et
1806 2309 1936 2383 pro
2010 2287 2299 2383 periuro
2355 2294 2427 2359 et
2478 2307 2817 2359 eversore
2888 2284 3129 2376 legum

235 2419 302 2486 et
351 2409 790 2489 Statutorum
845 2412 1213 2487 habeatur.

1589 2618 1761 2719 Cll.

233 2834 322 2915 ut
355 2832 651 2933 aranas
690 2848 741 2912 a
781 2830 1047 2913 mensa
1089 2829 1504 2931 episcopan
1543 2829 1727 2912 solis
1767 2827 2304 2911 sacerdotibus
2342 2824 2881 2909 conferantur.
2918 2823 3127 2907 Anno

234 2952 496 3037 Domini
542 2952 922 3036 millesimo
964 2952 1572 3054 nuinuentcsimo
1620 2950 2242 3053 auinquauesimo
2284 2949 2581 3032 octavo.
2623 2946 2670 3027 ΙΙ
2726 2945 3126 3033 Februarii.

431 3164 914 3259 Exigentibus
983 3164 1228 3240 multis
1283 3170 1355 3238 et
1404 3163 1617 3239 iustis
1691 3160 1931 3237 causis
1983 3161 2057 3235 in
2112 3168 2255 3236 tam
2314 3158 2729 3258 depravatis
2803 3180 3129 3256 praeser-

227 3291 350 3364 tim
403 3296 616 3386 atque
673 3288 1032 3386 corruptis
1089 3288 1300 3362 huius
1355 3286 1629 3362 saeculi
1684 3286 2025 3378 moribus,
2086 3281 2441 3360 Statutum
2494 3291 2703 3357 vetus
2746 3282 2837 3356 de
2875 3305 3129 3359 conce-

231 3409 484 3486 dendis
552 3411 811 3504 gratiis
881 3419 1096 3507 atque
1153 3434 1239 3485 ea
1289 3409 1766 3484 beneficentia
1838 3415 1908 3482 et
1967 3406 2443 3498 liberalitate,
2520 3429 2703 3501 quae
2778 3403 3132 3480 interdum

227 3532 380 3608 fieri
433 3532 812 3607 consuevit
861 3557 994 3630 per
1047 3531 1724 3608 Reverendissimos
1778 3529 2136 3605 Dominos
2188 3529 2597 3626 Episcopos
2630 3529 2705 3602 in
2743 3528 3005 3602 fratres
3044 3527 3133 3602 de

231 3653 602 3754 Capitulo,
677 3655 1090 3730 Reverendi
1161 3655 1454 3730 Domini
1530 3652 2002 3750 suprascripti
2072 3652 2174 3726 ita
2238 3649 2848 3748 interpretandum
2914 3650 3131 3724 duxe-

231 3785 411 3872 ruut,
473 3789 779 3875 suntque
833 3778 1314 3877 interpretati:
1373 3785 1450 3852 ut
1482 3778 1536 3850 ii
1574 3776 1854 3851 demum
1913 3797 2002 3848 ex
2057 3771 2394 3868 Collegio
2450 3781 2523 3847 et
2576 3771 2911 3869 Capitulo
2965 3795 3133 3866 gra-

229 3899 483 3974 tiarum
537 3908 610 3975 et
661 3900 1120 3974 liberalitatis
1189 3897 1596 3974 istiusmodi
1668 3898 1811 3972 sint
1883 3919 2233 3993 capacas,
2310 3895 2433 3992 qui
2504 3896 2643 3968 iam
2698 3895 2987 3969 fuerunt
3041 3892 3134 3969 ad

231 4021 756 4100 sacerdotalem
811 4021 1132 4096 ordinem
1172 4022 1516 4118 promoti3
1575 4043 1788 4095 secus
1841 4042 2016 4094 vero
2053 4019 2333 4114 gratiae
2378 4019 2585 4115 ipsae
2620 4016 2821 4093 nulla
2857 4015 3136 4092 ratione

232 4143 713 4239 admittantur,
769 4168 1002 4241 neque
1041 4145 1103 4222 si
1141 4145 1376 4218 factae
1415 4167 1545 4220 seu
1582 4165 1976 4218 concessae
2013 4140 2302 4234 fuerint,
2343 4160 2808 4215 successores
2844 4161 2971 4213 eas
3006 4139 3131 4213 ob-

231 4289 523 4343 servare
563 4274 957 4364 teneantur,
998 4268 1532 4342 consentientes
1580 4288 1755 4340 vero
1811 4263 2233 4340 exclusione
2269 4285 2307 4338 a
2350 4261 2687 4362 Capitulo
2722 4260 3131 4360 puniantur.

1565 4577 1781 4680 CIII.

235 4791 325 4875 nt
389 4793 589 4874 ratio
669 4790 762 4874 de
837 4789 1479 4873 distributionibus
1553 4788 1637 4870 et
1700 4785 2016 4888 panibus
2100 4783 2408 4885 singulis
2483 4783 2751 4867 diebus
2821 4780 3137 4866 Veneris

233 4913 391 4997 ilat.
451 4914 658 4997 Anno
722 4913 990 4996 nomini
1057 4912 1431 4994 millesimo
1487 4909 2094 5116 gifpuggitiesimo
2134 4905 2784 5058 ‘auinquaflesimo
2838 4906 3137 4991 octavo.

441 5229 800 5320 Quoniam
857 5228 948 5303 de
1003 5227 1576 5304 distributionum
1633 5223 2206 5323 quotidianarum
2264 5222 2618 5298 divisione
2673 5221 2888 5298 simul
2932 5220 3133 5298 etde

235 5353 567 5429 frumenti
620 5350 1042 5449 capitularis
1097 5371 1227 5441 seu
1280 5350 1373 5425 de
1427 5349 1736 5448 panibus
1791 5371 1881 5422 ex
1942 5345 2263 5424 Bularna
2316 5345 2516 5422 fideli
2576 5342 3140 5442 dispensatione,
