4055 6364
2076 766 2594 845 ...52-

2146 1026 2519 1129 LXXV.

1162 1250 1549 1337 statutum
1604 1253 1957 1336 lobannis
2011 1252 2494 1336 Rzeszowski
2553 1251 2893 1354 Episcopi
2951 1250 3502 1337 cracoviensis.

1667 1376 1772 1461 Do
1825 1374 2042 1469 modo
2097 1374 2455 1469 servandi
2510 1374 3008 1467 interdictum.-

1092 1602 1146 1689 ‚J
1150 1626 1426 1685 oannes
1481 1602 1572 1679 de
1625 1596 1986 1689 Rzeszow
2056 1604 2203 1687 Dei
2272 1604 2512 1699 gratia
2582 1603 2997 1703 Episcopus
3068 1601 3619 1695 Oracoviensis‚
3696 1598 3791 1682 ad

885 1733 1304 1825 perpetuam
1383 1726 1494 1809 rei
1565 1726 1998 1815 memoriamf
2092 1725 2574 1802 Detestabilis
2646 1733 2719 1799 et
2786 1724 3237 1807 execrandus
3305 1726 3383 1805 in
3450 1723 3793 1804 Ecclesia

885 1856 1135 1934 nostra
1189 1846 1708 1945 Cracoviensi,
1761 1854 1836 1926 et
1887 1848 1982 1925 ob
2034 1847 2110 1933 id
2164 1872 2210 1931 a
2262 1847 2498 1923 Nobis
2551 1847 2806 1923 merito
2860 1847 3261 1926 abolendus
3331 1870 3519 1941 mos,
3576 1868 3789 1948 supe-

885 1970 1199 2058 rioribus
1250 1970 1694 2069 temporibus
1747 1994 1878 2067 per
1931 1969 2451 2065 negligentiam
2506 1976 2578 2043 et
2632 1968 3275 2054 dissimulationem
3348 1969 3791 2048 Praedeces-

886 2115 1128 2171 sorum
1183 2100 1590 2169 nostrorum
1611 2150 1630 2185 ,
1687 2115 1822 2192 per
1872 2093 2217 2167 inerciam
2274 2103 2347 2167 et
2397 2072 2866 2167 temes-itatem
2925 2092 3367 2189 quorundam
3436 2088 3791 2173 Sacerdo-

885 2222 1036 2289 tum
1089 2214 1404 2311 negotiis
1457 2215 1611 2289 suis
1666 2222 1738 2288 et
1790 2215 2236 2313 profectibus
2312 2214 2696 2289 mundanis
2766 2216 3001 2307 magis
3074 2237 3285 2311 quam
3349 2213 3606 2288 honori
3660 2212 3793 2284 Di-

889 2337 1059 2412 vino
1114 2344 1185 2411 et
1239 2337 1458 2413 saluti
1509 2336 1900 2413 animarum
1959 2337 2505 2429 consulentium,
2562 2336 3031 2430 introductae,
3088 2337 3405 2435 pessimo
3462 2332 3795 2429 exemplo

888 2458 1326 2550 inoleverat,
1383 2467 1463 2533 ut
1515 2459 1652 2533 sub
1705 2468 2031 2555 tempore
2085 2459 2565 2535 ecclesiastici
2616 2458 3023 2552 Interdicti,
3091 2459 3279 2555 quod
3333 2458 3497 2555 ipsa
3548 2462 3797 2529 nostra

887 2579 1229 2667 Eeolesia
1283 2579 1796 2665 Grssoviensis
1847 2604 1894 2665 s
1939 2580 2127 2661 Jurs
2182 2582 2301 2665 vel
2352 2583 2447 2666 ab
2500 2581 2788 2663 homins
2842 2582 3107 2678 prolati
3169 2582 3489 2678 perterre
3538 2587 3613 2654 et
3640 2567 3795 2652 'ob-

889 2725 1183 2777 servare
1239 2702 1715 2799 compellitur,
1773 2703 2065 2797 singula
2116 2704 2307 2787 ferre
2363 2702 2701 2799 collegia
2755 2712 2827 2777 et
2864 2700 3287 2778 Sacerdotis
3338 2701 3795 2777 Vicariorum

891 2824 1274 2913 duntaxat,
1351 2824 1893 2899 Canonicalium
1962 2832 2288 2923 excepto,
2364 2823 2698 2919 Collegio
2772 2830 2845 2898 et
2914 2820 3336 2901 Sacerdotio
3358 2881 3376 2917 ,
3453 2821 3799 2921 specialia

891 2968 1113 3020 onera
1169 2954 1241 3019 et
1295 2942 1739 3040 Sacerdotis,
1799 2947 2215 3045 specialiter
2268 2946 2514 3022 dotata
2567 2928 2931 3040 habentia,
2986 2944 3326 3021 videlicet
3376 2944 3795 3037 Altaristae,

889 3068 1410 3162 Mansionarii,
1486 3068 2000 3162 Psalteristae,
2075 3068 2595 3143 Praebendarii
2650 3066 2959 3143 Sanctae
3014 3066 3396 3151 Trinitatis
3450 3075 3521 3139 et
3573 3064 3797 3138 Prae·

891 3189 1225 3268 bendarii
1293 3189 1605 3266 Sanctae
1675 3191 1935 3267 Crucis
1953 3248 1973 3283 ,
2051 3191 2295 3267 officia
2367 3216 2499 3268 sua
2551 3193 2625 3265 in
2679 3191 2876 3266 horis
2948 3190 3318 3266 nocturnis
3366 3198 3443 3262 et
3495 3185 3795 3276 diurnis,

890 3313 966 3386 in
1019 3311 1279 3387 Missis
1329 3314 1692 3410 rebusque
1748 3312 2041 3406 divinis,
2093 3315 2167 3388 in
2225 3313 2538 3389 Psalmis
2560 3372 2578 3408 ,
2648 3315 2719 3388 in
2776 3315 3075 3420 Vigiliis
3130 3313 3578 3408 caeterisque
3634 3333 3795 3382 ora-

892 3433 1207 3508 tionibus
1263 3443 1335 3507 et
1370 3434 2017 3528 obsecrationibus,
2072 3435 2374 3532 implere
2431 3435 2856 3529 detrectant,
2914 3413 3269 3532 sedesque
3304 3439 3502 3542 suas,
3559 3431 3801 3506 officia

895 3563 968 3629 et
1021 3578 1244 3629 onera
1301 3556 1668 3649 deferunt,
1742 3555 2140 3653 laudesque
2195 3558 2518 3654 divinas,
2591 3559 2687 3633 ad
2742 3535 2935 3657 quas
2977 3538 3279 3664 instituti
3352 3535 3529 3631 sunt
3572 3553 3799 3627 conti-

893 3686 1194 3752 cescunt
1245 3687 1317 3752 et
1369 3679 1657 3753 silentio
1731 3679 2139 3754 absolvunt.
2230 3680 2390 3754 Nec
2460 3680 2554 3756 ad
2616 3682 2746 3756 illa
2809 3655 3128 3776 'illasque
3168 3657 3799 3782 ,quemadmodum

893 3823 986 3872 ex
1040 3799 1282 3874 debito
1337 3800 1749 3894 obligantur
1799 3800 2203 3898 implenda,
2259 3803 2399 3878 sub
2454 3803 2646 3877 omni
2698 3803 3022 3903 tempore
3075 3800 3474 3894 interdicti,
3532 3808 3603 3872 et
3654 3819 3799 3870 non

893 3921 1037 3995 nisi
1091 3922 1377 3997 sublato
1429 3921 1834 4017 interdicto,
1907 3931 2357 3999 revertantur
2410 3925 2482 3998 in
2540 3923 2927 4018 dedecus,'·
2966 3923 3313 4000 offensam
3370 3930 3443 3997 et
3489 3919 3800 4015 ignomi-

895 4043 1086 4117 niam
1141 4043 1545 4118 Maiestatis
1597 4045 1931 4135 Divinae,
1987 4047 2061 4120 in
2117 4047 2445 4120 iniuriam
2504 4045 2778 4121 Christi
2828 4047 3170 4138 fidelium,
3226 4053 3368 4118 tam
3424 4041 3797 4116 defuncto-

895 4189 1090 4262 rum,
1149 4190 1364 4263 quam
1417 4168 1831 4261 viventium,
1890 4177 1962 4243 et
2013 4169 2084 4242 in
2144 4169 2598 4252 fundatorum
2657 4168 3202 4265 dotatorumque
3255 4166 3577 4242 fraudem
3630 4185 3801 4260 per·

897 4287 1284 4382 niciosam,
1353 4311 1512 4364 cum
1570 4291 1704 4364 sub
1758 4290 1887 4364 illo
1940 4298 2265 4388 tempore
2318 4292 2555 4384 magis
2610 4291 3123 4388 propiciandus
3178 4299 3252 4364 et
3303 4285 3803 4362 conciliandus

899 4410 1090 4488 foret
1146 4411 1352 4491 Deus
1406 4419 1478 4486 et
1531 4407 1906 4498 Sacrificio
1959 4410 2309 4507 Corporis
2364 4419 2437 4484 et
2490 4410 2881 4506 Sanguinis
2936 4414 3048 4487 sui
3102 4413 3247 4487 sibi
3290 4409 3802 4506 acceptissimo

898 4531 1321 4629 placandus.
1399 4531 1627 4606 Cuius
1680 4539 1850 4606 tunc
1901 4531 2422 4628 indignationis
2475 4535 2795 4609 nubilum
2862 4535 3027 4632 plus
3100 4535 3336 4626 solite,
3405 4532 3497 4607 ob
3552 4539 3805 4604 nostra

899 4653 1247 4731 demerita
1301 4663 1373 4731 et
1425 4654 1708 4730 scelera
1777 4655 2223 4730 infurnescit.
2316 4654 2415 4730 Et
2470 4679 2631 4730 cum
2703 4664 2845 4730 tam
2920 4655 3239 4731 Praelati
3311 4661 3383 4729 et
3449 4653 3805 4728 Canonici

902 4777 1273 4873 praefatae
1346 4774 1857 4852 Oracoviensis
1911 4777 2325 4868 Ecclesiae,
2384 4799 2599 4873 quam
2654 4802 2899 4853 eorum
2954 4778 3268 4870 Vicarii,
3326 4775 3614 4870 singula
3668 4798 3807 4850 sua

902 4897 1143 4980 affinia
1197 4896 1453 4974 diurna
1489 4906 1560 4973 et
1596 4906 1964 4990 nocturna,
2021 4907 2098 4972 et
2130 4923 2279 4975 rem
2336 4899 2651 4974 divinam
2708 4900 2979 4974 clausis
3031 4901 3291 4994 ianuis,
3340 4901 3541 4974 iuxta
3576 4896 3803 4972 Sanc÷

903 5027 1134 5104 torum
1195 5018 1488 5098 Patrum
1542 5020 2034 5096 ordinationes
2089 5029 2161 5094 et
2214 5021 2541 5115 decreta,
2618 5045 2797 5096 voce
2852 5023 3216 5098 submissa
3285 5022 3671 5118 impleant,
3728 5021 3805 5094 iu

905 5163 1242 5236 magnam
1279 5141 1824 5219 admirationem
1861 5152 1934 5216 et
1969 5144 2457 5220 nostri'animi
2493 5144 3115 5218 exacerbationem
3170 5143 3566 5236 trahuntur,
3624 5165 3803 5238 quo·

907 5262 1048 5342 ties
1099 5263 1448 5338 inferiora
1501 5262 1840 5359 Collegia
1878 5271 1949 5340 et
1983 5261 2410 5344 Sacerdotia
2464 5265 2788 5341 ciusdem
2840 5265 3221 5341 Ecclesiae
3276 5273 3567 5340 nostrae
3618 5261 3803 5338 Cra-

907 5385 1292 5480 coviensis,
1351 5409 1432 5460 se
1484 5387 1914 5461 authoritate
1967 5387 2263 5485 propria
2316 5387 2629 5468 eximere
2666 5395 2739 5462 et
2774 5395 3133 5482 excutere,
3190 5388 3618 5464 authoritate
3672 5410 3805 5463 no-

4011 5803 4026 6037 -μ-ᾉ-ᾸᾸ.
4024 5709 4026 5730 ,Α
