4055 6364
1396 785 1967 861 *195-

253 997 695 1095 temporibus
745 995 1260 1071 inviolabiliter
1311 993 1684 1070 observari
1739 992 1875 1068 sub
1929 992 2183 1092 poenis
2233 993 2307 1068 in
2362 999 2821 1090 praeasserto
2876 989 3156 1068 Statuto

255 1119 646 1218 expressis,
727 1119 1034 1214 aliisque
1089 1116 1403 1214 desuper
1470 1116 1546 1190 in
1606 1116 1763 1191 iure
1817 1114 2139 1209 sancitis,
2210 1115 2410 1189 iuxta
2470 1114 2909 1210 exigentiam
2976 1113 3157 1189 iuris

253 1239 718 1334 infligendum
774 1247 848 1314 et
899 1238 1412 1316 moderandum
1468 1237 1972 1336 praecipimus.
2048 1235 2137 1310 Iu
2190 1259 2490 1333 quorum
2540 1236 2757 1312 fidem
2812 1259 3155 1334 praesen-

253 1372 366 1437 tes
433 1384 650 1436 manu
723 1363 1016 1460 propria
1089 1361 1568 1457 subscriptas,
1656 1359 1901 1454 sigillo
1972 1366 2219 1433 nostro
2292 1359 2713 1433 communiri
2782 1358 3149 1434 iussimus.

255 1485 517 1558 Datum
577 1483 910 1577 Kielciis,
968 1483 1110 1557 Die
1163 1483 1725 1578 Decimaquarta
1776 1480 2057 1554 Mensis
2109 1479 2525 1572 Februarii,
2599 1480 2812 1555 Anno
2865 1479 3161 1558 Domini

257 1605 649 1681 Millesimo
704 1604 1244 1681 Sexcentesimo
1300 1602 1918 1700 Quinquagesimo
1972 1625 2185 1677 nono.

1560 1725 1899 1800 Andreas
1953 1724 2365 1824 Episcopus
2418 1722 2953 1802 Oracoviensis.

675 1951 980 2029 Gabriel
1012 1951 1345 2028 Lewicki
1389 1950 1489 2027 U.
1526 1952 1589 2026 Ι.
1620 1953 1714 2024 D.
1766 1949 2177 2026 Canonicus
2230 1951 2690 2044 Posnanien.,
2738 1951 2832 2027 ad
2867 1951 3160 2028 manda-

672 2084 819 2152 tum
853 2075 1393 2151 Illustrissimae
1440 2098 1528 2149 ac
1562 2073 2247 2148 Reverendissimae
2302 2071 2776 2150 Celsitudinis
2822 2071 3035 2172 Suae,
3084 2074 3161 2148 in

1402 2196 1732 2271 absentia
1783 2195 2093 2271 Notarii.
2169 2191 2283 2296 (L.
2326 2192 2471 2298 S.).

1435 2503 2002 2610 CCXXXIX.

263 2717 684 2816 Statutum,
761 2735 854 2799 ne
930 2715 1318 2817 quidquam
1375 2714 1998 2798 Reverendissimi
2057 2713 2324 2794 Domini
2381 2732 2434 2795 a
2484 2713 2898 2797 Venerabili
2954 2714 3166 2816 cani-

258 2843 418 2924 tuiu
459 2841 798 2943 deputati
837 2840 1243 2923 Revisores
1289 2839 1586 2922 ratione
1624 2857 1860 2922 curae
1914 2839 1998 2918 et
2029 2836 2309 2921 laboris
2347 2837 2726 2938 suscepti,
2768 2837 3159 2939 recipiant.

1086 2962 1294 3043 Anno
1351 2961 1568 3043 1689.
1627 2960 1756 3042 Die
1812 2960 1889 3041 12
1947 2958 2347 3041 Februarii.

481 3192 767 3267 Placuit
816 3190 1475 3267 Reverendissimis
1528 3189 1862 3264 Dominis
1913 3188 2209 3263 abolere
2263 3187 2864 3285 praeiudiciosam
2916 3187 3173 3281 honori

261 3313 937 3409 inconvenientiam,
1013 3337 1170 3390 cum
1224 3320 1645 3387 occurrente
1699 3310 2103 3404 occasione,
2177 3309 2271 3384 ad
2340 3308 2771 3385 revisionem
2823 3310 3173 3385 bonorum

263 3436 466 3509 circa
516 3435 942 3512 locationem
999 3445 1072 3510 et
1121 3434 1664 3532 inscriptionem
1735 3455 2165 3508 summarum
2238 3432 2811 3530 pecuniariarum
2875 3432 3174 3506 Domini

264 3554 693 3633 Oonfratres
749 3557 1293 3655 deputabuntur,
1367 3581 1458 3631 ne
1511 3555 1782 3652 aliquid
1845 3554 2103 3629 intuitu
2172 3553 2617 3649 fatigationis
2673 3562 2745 3628 et
2786 3554 3173 3629 incommo-

266 3677 526 3753 dorum
578 3678 857 3755 itineris
909 3680 1253 3777 suscepti,
1311 3702 1402 3753 ex
1453 3678 1696 3774 aliqua
1749 3677 2222 3753 conventione
2276 3684 2401 3750 aut
2451 3676 2861 3751 extorsione
2912 3678 3007 3751 ab
3055 3676 3174 3772 iis,

264 3798 393 3896 qui
447 3800 878 3875 revisionem
933 3801 1396 3898 capitularem
1452 3801 1526 3873 in
1580 3796 2093 3874 assecurandis
2160 3798 2456 3873 summis
2510 3795 2911 3896 postulant,
2985 3797 3175 3873 acci-

265 3921 505 4020 piant:
560 3922 663 3996 ita
696 3930 956 4017 tamen,
1019 3930 1092 3997 ut
1143 3924 1235 3995 ab
1279 3921 1840 3996 inscribentibus
1895 3929 1966 3995 et
2000 3921 2585 3996 assecurantibus
2640 3942 2955 3995 summas
3008 3943 3174 3993 cen-

266 4044 516 4119 suales
567 4043 641 4118 in
687 4044 898 4118 bonis
953 4045 1126 4138 suis,
1189 4044 1548 4140 deputatis
1602 4067 1647 4117 a
1685 4040 2022 4140 Capitulo
2076 4042 2552 4118 Revisoribus
2616 4065 2749 4140 pro
2802 4042 3053 4116 labore
3108 4049 3179 4116 et

267 4165 750 4240 incommodis
799 4165 1131 4239 itinerum
1187 4165 1392 4239 titulo
1447 4164 1765 4241 Vialium
1817 4166 2018 4239 iuxta
2071 4164 2484 4239 distantiam
2537 4165 2860 4239 locorum
2914 4160 3172 4263 (libere

267 4294 514 4361 tamen
564 4294 636 4365 et
672 4288 829 4361 sine
873 4287 1025 4363 ulla
1059 4285 1481 4389 licitatione)
1536 4296 1703 4361 ante
1757 4286 2365 4362 enumerationem
2420 4308 2741 4361 summae
2794 4285 3174 4383 providea-

267 4416 410 4505 tur,
469 4416 539 4483 et
590 4408 666 4483 id
721 4411 910 4506 quod
964 4409 1306 4502 oblatum,
1366 4410 1878 4506 provisumque
1932 4410 2167 4499 fuerit,
2225 4434 2271 4483 a
2307 4409 2641 4483 Dominis
2703 4408 3180 4485 Revisoribus

271 4554 426 4605 non
477 4531 708 4624 aliter,
785 4555 921 4605 nec
976 4532 1160 4606 alias
1225 4532 1644 4628 recipiatur,
1727 4531 1869 4605 nisi
1922 4554 2053 4629 per
2106 4556 2359 4607 manus
2411 4530 2827 4606 Reverendi
2883 4530 3181 4605 Domini

270 4652 776 4730 Procuratoris
829 4677 962 4751 pro
1017 4663 1338 4752 tempore
1393 4654 1790 4743 existentis,
1848 4654 2053 4729 cuius
2107 4677 2320 4728 curae
2376 4661 2448 4728 et
2482 4652 2705 4728 officii
2759 4654 2915 4748 erit,
2970 4675 3180 4751 prae-

269 4776 494 4849 fatam
551 4776 1115 4850 consolationem
1171 4777 1375 4852 titulo
1427 4776 1796 4851 honorarii
1847 4776 2075 4851 libere
2131 4776 2369 4851 datam
2423 4776 2517 4851 ad
2572 4800 2653 4851 se
2707 4776 3053 4875 recipere,
3110 4785 3183 4850 et

273 4903 450 4995 post
511 4896 914 4995 expeditam
988 4900 1336 4974 bonorum
1393 4907 1463 4972 et
1513 4899 1770 4972 iurium
1825 4899 2257 4974 revisionem
2322 4899 2656 4974 Dominis
2708 4898 3185 4973 Revisoribus

273 5017 584 5095 reddere
639 5026 712 5093 et
763 5020 1221 5115 consignare.
1278 5019 1391 5093 Eo
1446 5018 1750 5112 adiectu,
1814 5028 1894 5094 ut
1947 5029 2234 5118 praeter
2303 5019 2744 5117 praedictam
2816 5019 3183 5094 honorarii

276 5140 808 5237 obventionem,
862 5142 1276 5217 tantundem
1331 5166 1422 5216 ex
1458 5140 1897 5233 fundatione,
1953 5165 2086 5239 pro
2126 5166 2266 5239 qua
2299 5143 2731 5219 laborabunt
2785 5149 2859 5216 et
2890 5140 3177 5215 itinera-

275 5263 482 5357 bunt,
556 5263 1073 5339 consolationis
1126 5264 1550 5362 percipiant,
1610 5272 1948 5361 quantum
2023 5266 2679 5363 exgrefectionibus
2749 5262 3185 5361 quotidianis

275 5384 836 5485 participabunt.
921 5385 1134 5478 Quod
1189 5387 1256 5463 si
1309 5410 1522 5464 secus
1584 5386 1878 5463 Domini
1953 5387 2355 5465 Revisores
2424 5388 2667 5464 facere
2736 5386 2857 5462 vel
2910 5386 3184 5486 aliquid
