4055 6364
1388 718 1957 796 -303—

208 923 373 1008 dyeh
442 926 763 1008 sprawach
808 945 849 1010 y
893 945 925 990 z
970 923 1369 991 kimkolwiek
1439 928 1669 1010 czynic,
1731 928 1838 993 ani
1882 929 2039 1015 rady
2085 929 2296 996 dawac
2342 928 2442 994 nie
2488 930 2669 1016 bede,
2738 931 2836 997 ale
2880 933 3120 1017 podlug

204 1029 557 1112 przepisow
600 1027 1043 1114 Trybunalowi
1085 1029 1515 1114 nczynionych
1574 1034 1947 1114 sprawowac
1994 1034 2083 1120 sie
2130 1053 2169 1117 y
2215 1035 2540 1100 zachowac
2595 1035 2800 1100 stara&
2847 1035 2937 1122 sie
3002 1037 3115 1123 be-

211 1132 317 1220 de.
372 1134 427 1200 Ο
476 1133 946 1213 kondemnaoie,
997 1134 1258 1220 ieteliby
1304 1135 1445 1200 iaka
1490 1154 1570 1201 na
1610 1137 1774 1202 mnie
1822 1138 1901 1202 od
1939 1137 2100 1222 kogo
2149 1140 2507 1222 otrzymana
2551 1139 2722 1222 byla,
2770 1159 2807 1224 y
2853 1138 3115 1224 kteraby

204 1237 295 1302 mi
340 1237 510 1304 teraz
556 1239 636 1305 do
682 1239 935 1324 funkcyi
998 1240 1285 1306 szkodzic
1330 1241 1546 1319 miala,
1610 1240 1710 1306 nie
1757 1243 1956 1307 wiem.
2020 1242 2158 1307 'l'ak
2203 1243 2289 1308 mi
2335 1241 2530 1308 Panie
2581 1241 2750 1309 Bote
2808 1243 3114 1328 dopomot

202 1359 245 1424 y
288 1341 361 1406 ta
403 1320 469 1408 S.
518 1341 899 1427 Ewangelia.

417 1513 615 1595 Quem
659 1515 997 1581 Electionis
1045 1517 1110 1581 et
1152 1517 1436 1599 praestiti
1499 1517 1831 1583 iuramenti
1876 1518 2128 1598 Actum,
2180 1516 2296 1584 Cui
2349 1537 2540 1602 supra
2587 1519 2938 1586 Perillustri
2983 1522 3108 1588 Re-

200 1620 658 1684 verendissimo
726 1619 994 1686 Domino
1042 1619 1450 1687 Sierakowski
1517 1643 1590 1687 ex
1636 1623 1875 1706 gremio
1920 1623 2134 1688 nostro
2183 1623 2262 1688 ad
2308 1623 2616 1689 Tribunal
2661 1624 2862 1709 Regni
2907 1624 3110 1691 Iudici

200 1723 549 1807 Deputato,
608 1742 802 1790 manu
848 1725 1241 1791 Perillustris
1288 1725 1816 1792 Reverendissimi
1861 1726 2113 1791 Domini
2161 1725 2588 1793 Praesidentis
2657 1727 3104 1814 subscriptum,

198 1829 265 1892 et
302 1825 529 1912 sigillo
568 1831 782 1894 nostro
823 1827 1170 1913 Capitulari
1216 1831 1691 1907 communitum,
1734 1830 2181 1896 extrudendum
2221 1831 2626 1897 decrevimus.
2674 1832 2911 1898 Datum
2961 1830 3109 1899 Cra-

198 1931 417 1999 eoviae
461 1932 527 1997 in
574 1931 775 1999 Stuba
820 1930 1099 2016 Capituli
1142 1935 1339 1999 nostri
1388 1935 1486 2000 die
1535 1933 1616 1999 15
1660 1935 1899 2001 Mensis
1944 1935 2111 2015 Iulii,
2160 1935 2341 2001 Anno
2389 1936 2643 2002 Domini
2697 1935 2883 2002 1776.

871 2227 1300 2298 iuramentum
1347 2225 1874 2298 Examinatorum
1920 2226 2354 2314 synodalium.

404 2418 540 2504 Ego
586 2417 665 2483 N.
711 2418 847 2484 iuro
896 2418 1026 2485 Deo
1067 2419 1515 2502 Omnipotenti,
1568 2419 1731 2514 qnod
1771 2439 1997 2486 munus
2045 2420 2365 2500 examinis,
2417 2421 2776 2502 posthabita
2822 2441 3099 2505 quacun·

191 2542 316 2606 que
364 2523 638 2591 humana
684 2524 1037 2604 affectione,
1086 2524 1357 2590 fideliter
1401 2530 1463 2590 et
1501 2524 1835 2610 diligenter
1880 2543 2169 2608 exequar.
2223 2523 2330 2589 Sic
2376 2542 2475 2590 me
2521 2526 2693 2591 Deus
2740 2525 2996 2591 adiuvet
3041 2527 3103 2590 et

188 2627 353 2694 haec
398 2627 627 2695 Sancta
674 2628 791 2695 Dei
836 2628 1197 2714 Evangelia.
2517 2635 2526 2642 '

1096 2923 1522 2993 iuramentum
1568 2921 2205 3008 viceprocuratoris.

396 3113 532 3199 Ego
579 3113 661 3178 N.
711 3113 848 3179 iuro
913 3114 992 3179 ad
1052 3113 1281 3180 Sancta
1346 3115 1463 3180 Dei
1525 3113 1867 3198 Evangelia
1933 3111 2368 3197 omnipotenti
2426 3113 2560 3180 Deo
2625 3115 2690 3180 et
2731 3114 3094 3182 Venerabili

184 3216 481 3301 Capitulo
520 3217 939 3299 Oraeoviensi,
976 3220 1141 3302 quod
1173 3218 1449 3285 officium
1480 3216 2166 3302 Vieeprocuratoriatus
2205 3217 2356 3282 mihi
2385 3218 2790 3284 commissum
2827 3218 3096 3286 fideliter

182 3323 254 3389 et
296 3306 631 3406 diligenter
677 3342 963 3407 exequar.
1016 3323 1509 3389 Distributiones
1558 3341 1771 3387 omnes
1818 3320 2098 3388 fideliter
2143 3320 2540 3403 dispensabo,
2595 3323 2983 3405 praesentias
3031 3325 3094 3389 et

182 3427 505 3494 absentias
552 3427 965 3493 Dominorum
1026 3427 1363 3511 diligenter
1408 3428 1637 3493 notabo
1686 3428 1747 3491 et
1793 3426 2159 3502 observabo,
2234 3425 2463 3489 nemini
2511 3446 2584 3490 ex
2627 3426 2857 3502 favore,
2911 3428 3087 3493 odio·

178 3550 276 3611 ve,
336 3532 503 3614 quod
549 3532 719 3597 Deus
766 3532 1025 3611 auferat,
1080 3550 1152 3596 ea
1197 3531 1259 3595 in
1308 3551 1375 3595 re
1420 3531 1701 3595 favendo.
1781 3528 2034 3593 Secreta
2079 3526 2464 3611 capitularia
2509 3529 2743 3593 nemini
2793 3530 3086 3612 pandam,

180 3635 247 3701 et
279 3635 407 3701 alia
442 3635 649 3701 officia
684 3635 763 3699 ad
801 3636 1423 3718 Viceprocuratorem
1468 3634 1843 3717 pertinentia
1888 3632 2042 3697 mihi
2087 3630 2366 3696 iniuncta
2409 3633 2474 3696 et
2515 3633 2919 3717 iniungenda,
2971 3652 3084 3715 pro

178 3756 327 3804 mea
369 3737 493 3804 fide
538 3757 612 3805 ac
657 3738 1004 3822 diligentia,
1075 3738 1445 3822 meliorique
1488 3737 1881 3825 ¹(¹,onz·1eientia
1925 3736 2242 3801 exercebo.
2320 3734 2424 3801 Sic
2467 3754 2568 3801 me
2614 3737 2786 3802 Deus
2821 3736 3088 3803 adiuvet

178 3843 246 3909 et
292 3838 597 3909 Sanctum
644 3843 777 3910 eius
820 3842 1258 3928 Evangelium.

1031 4137 1457 4208 iuramentum
1505 4152 1625 4224 pro
1671 4095 2233 4207 vicecustodibus.

385 4344 521 4431 Ego
566 4345 647 4413 N.
693 4346 851 4426 iuro,
901 4346 1071 4431 quod
1118 4344 1345 4412 Sacras
1390 4346 1735 4429 Reliquias,
1785 4346 1849 4411 et
1892 4364 1994 4411 res
2042 4363 2261 4411 omnes
2305 4342 2371 4408 in
2417 4344 2711 4409 thesauro
2757 4341 3080 4409 Ecclesiae

174 4448 576 4517 Catbedralis
624 4446 1057 4517 Oracoviensis
1121 4448 1186 4515 in
1233 4468 1381 4515 auro
1443 4452 1509 4516 et
1553 4449 1893 4517 monilibus
1956 4449 2273 4533 pretiosis,
2341 4448 2602 4533 argento
2664 4448 2730 4513 et
2778 4446 3080 4530 apparatu

171 4572 357 4622 sacro
404 4554 761 4631 existentes,
813 4555 1081 4621 fideliter
1117 4555 1519 4634 conservabo,
1570 4555 1921 4639 argentum,
1962 4554 2183 4619 aulaea
2219 4555 2284 4619 et
2320 4570 2724 4636 quascunque
2770 4569 2892 4629 res,
2944 4550 3079 4617 sine

170 4658 342 4725 scitu
405 4677 694 4741 expresso
756 4659 1284 4725 Reverendissimi
1350 4657 1651 4741 Capituli,
1720 4658 1953 4724 nemini
2018 4658 2378 4737 concedam,
2450 4657 2514 4721 et
2577 4656 2633 4721 si
2700 4656 3081 4740 contingerit

170 4763 416 4848 aliquid
460 4784 536 4831 ex
578 4765 767 4831 rebus
828 4764 1105 4830 thesauri
1171 4764 1451 4830 eiusdem
1515 4763 1817 4845 deperire,
1886 4764 2019 4827 sine
2064 4764 2356 4846 respectu
2419 4780 2846 4845 personarum,
2918 4778 3078 4843 quae

166 4868 239 4933 in
286 4867 646 4952 suspicione
713 4868 925 4935 damni
992 4870 1195 4949 erunt,
1236 4868 1329 4957 ‚id
1374 4869 1757 4935 denuntiabo
1828 4867 1962 4933 sine
2026 4868 2158 4934 ulla
2219 4886 2432 4945 mora;
2508 4867 2722 4931 munia
2769 4867 2832 4930 et
2876 4864 3080 4931 officia

166 4972 329 5039 mibi
372 4972 799 5039 incumbentia
844 4972 1177 5057 diligenter
1221 4992 1509 5057 exequar.
1555 4972 1657 5039 Sic
1703 4991 1801 5038 me
1849 4972 2023 5038 Dens
2071 4971 2326 5039 adiuvet
2369 4972 2434 5038 et
2477 4971 2635 5038 baec
2681 4968 2916 5035 Sancta
2959 4967 3076 5034 Dei

164 5076 535 5161 Evangelia.
