4055 6364
1394 750 1905 833 -37-

212 964 469 1038 habere
519 986 897 1058 recursus;
972 962 1159 1055 Quia
1214 972 1459 1057 tamen
1515 986 1647 1061 per
1698 961 2085 1038 nonnullos
2153 960 2627 1037 Dominorum
2696 958 3099 1035 absentium

214 1108 420 1160 secus
465 1087 622 1160 fieri
676 1085 1040 1177 videmus,
1116 1085 1237 1181 qui
1289 1084 1633 1159 videlicet
1692 1107 1837 1159 non
1891 1082 2105 1158 modo
2127 1140 2146 1177 ,
2220 1081 2412 1179 quod
2466 1106 2688 1157 onera
2742 1105 2834 1157 cx
2887 1080 3100 1155 domo

214 1208 325 1283 vel
380 1208 551 1283 villa
618 1214 743 1283 aut
794 1206 1242 1282 Praelaturis
1313 1205 1433 1281 vel
1496 1204 2062 1283 Canonicalibus
2131 1228 2426 1281 mensae
2500 1203 2878 1303 capitulari
2948 1201 3102 1279 suis

213 1328 388 1402 alias
438 1329 1072 1426 quomodocunque
1128 1327 1392 1423 debita,
1446 1350 1589 1403 non
1639 1328 1951 1417 solvunt,
2004 1350 2253 1402 verum
2307 1326 2520 1402 etiam
2557 1335 2630 1401 et
2664 1325 2904 1401 munia
2955 1322 3099 1399 Ec-

214 1450 653 1546 clesiastica,
706 1451 1148 1548 septimanas
1201 1450 1635 1543 cantandae,
1701 1450 1989 1545 aliaque
2041 1445 2116 1522 id
2169 1470 2402 1543 genus
2454 1448 2806 1545 obsequia
2857 1446 3102 1524 divina

213 1594 347 1647 non
418 1575 571 1649 sine
642 1571 1077 1648 offendiculo
1147 1571 1525 1647 multorum
1600 1570 1981 1665 negligunt
2050 1578 2124 1645 ct
2175 1570 2378 1645 nihili
2453 1571 2742 1647 omnino
2813 1576 3098 1664 curant;

210 1692 373 1768 hinc
424 1703 573 1791 est,
631 1694 825 1792 quod
861 1693 1274 1771 Reverendi
1326 1694 1624 1769 Domini
1674 1693 2005 1769 volentes
2043 1690 2394 1768 dictorum
2453 1689 2890 1769 Statutorum
2936 1714 3099 1767 suo-

211 1838 359 1889 rum
414 1816 952 1915 dispositionem
1004 1817 1079 1891 in
1131 1816 1625 1891 executionem
1680 1837 1972 1913 ponere,
2033 1815 2284 1908 vigore
2339 1816 2746 1911 praesentis
2798 1836 3099 1908 genera-

212 1936 301 2011 lis
354 1936 665 2036 Capituli
726 1938 1180 2015 statuendum
1244 1938 1721 2015 decreverunt
1772 1944 1847 2013 et
1900 1944 2304 2013 statuemnt
2357 1936 2702 2033 deinceps
2753 1944 3102 2034 perpetuo

213 2061 769 2138 observandum:
844 2070 923 2139 ut
974 2062 1279 2159 quilibet
1346 2060 1440 2136 ad
1502 2060 2002 2135 Praelaturam
2058 2060 2180 2135 vel
2232 2057 2753 2135 Canonicatum
2823 2058 3104 2133 noviter

210 2180 297 2255 ad
332 2182 734 2259 Ecclesiam
772 2208 905 2282 per
942 2183 1355 2284 Capitulum
1389 2182 1872 2281 recipiendus,
1910 2206 2083 2257 mox
2129 2189 2202 2257 ct
2234 2182 2310 2257 in
2348 2181 2760 2273 continenti,
2799 2180 3102 2279 probata

210 2305 593 2400 nobilitate,
632 2316 711 2383 ut
738 2308 959 2383 moris
989 2314 1121 2401 est,
1161 2308 1561 2404 solutisque
1591 2303 2064 2404 Cappalibus,
2103 2312 2434 2381 teneatur
2462 2313 2629 2379 ante
2658 2303 2898 2379 omnia
2933 2310 3104 2377 tunc

212 2426 306 2501 ibi
361 2452 567 2504 unum
626 2430 938 2526 aliquem
996 2453 1085 2504 ex
1143 2430 1475 2505 Dominis
1528 2428 2036 2528 praesentibus
2089 2433 2162 2501 et
2215 2426 2409 2504 circa
2461 2427 2871 2502 Ecclesiam
2923 2426 3100 2499 resi-

212 2547 556 2645 dentibus,
611 2552 687 2626 in
724 2552 1275 2627 Procuratorem
1330 2575 1535 2628 suum
1587 2552 1987 2647 legitimum
2043 2549 2502 2645 constituere,
2559 2550 2684 2646 qui
2736 2556 2808 2623 et
2859 2568 3102 2622 curam

212 2680 281 2745 et
310 2695 489 2749 onus
539 2676 615 2748 iu
662 2698 743 2749 se
798 2684 1127 2773 acceptet
1178 2684 1393 2771 atque
1448 2676 1725 2769 subeat,
1782 2682 1855 2749 et
1888 2672 2131 2747 munia
2183 2670 2712 2747 Ecclesiastica
2746 2670 2840 2745 ad
2876 2669 3102 2743 altare

211 2795 403 2871 obire
454 2804 525 2870 et
577 2797 895 2894 explere,
952 2822 1041 2872 ac
1097 2820 1319 2873 onera
1372 2798 1582 2872 etiam
1636 2794 2145 2886 incumbentia,
2203 2794 2486 2889 quoties
2541 2816 2785 2869 eorum
2839 2790 3103 2867 solutio

210 2916 481 3012 incidit,
534 2926 614 2993 ut
666 2927 833 2995 sunt
887 2918 1171 2994 Census
1223 2920 1620 3013 Fabricae,
1676 2918 1964 3010 Taxae,
2021 2913 2647 3011 Contributiones,
2706 2913 3104 2989 Pensiones

211 3049 279 3115 et
326 3042 469 3115 alia
518 3041 596 3116 id
650 3064 883 3136 genus
938 3042 1181 3117 debita
1238 3040 1718 3133 exsolvenda,
1790 3048 2164 3139 praestare
2218 3046 2289 3112 et
2339 3038 2756 3135 impendere
2811 3055 3104 3110 mensae

212 3163 617 3260 capitulari,
674 3163 790 3239 vel
846 3188 1147 3261 quorum
1200 3164 1549 3260 interest,
1594 3171 1945 3258 teneatur,
2002 3161 2240 3259 sitque
2294 3158 2726 3254 adstrictae,
2781 3155 3101 3253 alioquin

212 3284 274 3358 si
322 3301 533 3362 secus
584 3286 849 3361 factum
903 3287 1145 3382 fuerit,
1218 3284 1630 3363 Reverendi
1698 3285 1995 3362 Domini
2049 3283 2144 3360 ad
2196 3282 2683 3380 receptionem
2749 3275 3104 3356 eiusmodi

213 3403 522 3482 Praelati
574 3408 695 3482 vel
745 3407 1095 3484 Canonici
1147 3409 1543 3507 procedere
1596 3408 1887 3483 minime
1941 3407 2325 3482 debebunt.

1566 3720 1741 3821 CV.

220 3925 318 4009 ue
354 3927 592 4014 Missa
630 3948 766 4032 pro
804 3931 1179 4032 peccatis.
1236 3929 1444 4013 Anno
1482 3929 1751 4011 nomini
1788 3926 2171 4009 millesimo
2227 3921 2835 4024 nuinflentesimo
2871 3918 3104 4004 Saxa-

968 4053 1251 4154 flesimo
1307 4052 1565 4133 tertio.
1623 4050 1752 4133 Die
1807 4050 1861 4132 5
1920 4045 2322 4131 Februarii.

415 4265 701 4340 Placuit
735 4263 1069 4340 Dominis
1106 4262 1589 4338 concordibus
1626 4261 1991 4356 suffragiis
2024 4259 2100 4334 id
2139 4255 2712 4348 decernentibus,
2767 4262 2846 4330 ut
2879 4277 3101 4351 quan·

217 4386 589 4485 doquidem
646 4383 927 4462 Statuto
983 4383 1387 4483 Capitulari
1441 4393 1725 4460 cautum
1780 4383 1897 4475 sit,
1951 4390 2032 4456 ut
2081 4381 2154 4456 in
2211 4379 2534 4478 quolibet
2584 4375 2911 4472 generali
2963 4374 3104 4450 Ca-

215 4510 431 4607 pitulo
502 4510 735 4585 Missa
806 4533 938 4607 pro
1008 4509 1330 4607 peccatis
1401 4509 1725 4584 vivorum
1797 4511 2206 4604 peragatur,
2291 4501 2591 4576 eandem
2663 4523 2708 4574 a
2773 4497 3103 4596 proximo

218 4628 287 4708 S.
340 4629 687 4709 Stanislai
735 4632 809 4707 in
865 4631 1062 4706 Maio
1128 4629 1465 4728 Capitulo
1536 4628 2126 4704 reassumendum
2180 4633 2254 4700 et
2303 4623 2532 4722 prima
2589 4620 2721 4695 die
2793 4617 3104 4694 Statuto-

215 4779 361 4832 rum
415 4755 821 4833 obeundum
874 4777 1079 4848 esse,
1151 4763 1371 4850 utque
1422 4753 1497 4826 iu
1554 4752 1710 4828 eius
1762 4774 1969 4826 usum
2024 4747 2427 4824 consolatio
2503 4742 2835 4819 Dominis
2885 4742 3102 4816 iuter·

218 4881 615 4956 essentibus
684 4879 977 4953 Maroae
1058 4878 1369 4975 quinque
1438 4875 1903 4972 pecuniarum
1980 4869 2411 4960 dividantur,
2501 4865 2800 4941 Domini
2867 4864 3104 4939 Reve-

216 5003 411 5078 rendi
464 5001 991 5078 concluserunt.
