4055 6364
2095 694 2619 773 -72-

892 913 1367 985 Decretorum
1422 910 1781 1003 Doctore,
1854 907 1909 983 J
1912 930 2144 982 oanne
2199 906 2617 1002 Konarski,
2677 902 3041 981 Stanislao
3094 904 3509 996 Kouarski‚
3567 902 3823 979 Stani-

895 1034 1053 1108 slao
1106 1033 1353 1107 Borek
1409 1031 1498 1106 de
1554 1029 1911 1105 Oracovia
1963 1031 2438 1103 Decretorum
2512 1030 2871 1121 Doctore,
2945 1027 3339 1103 Benedicto
3393 1028 3821 1138 Izdbinski‚

894 1152 1257 1229 Stanislao
1312 1152 1866 1227 Przeborowski
1934 1152 2410 1226 Decretorum
2465 1152 2784 1227 Doctore
2807 1208 2825 1245 ,
2902 1148 3266 1225 Stanislao
3329 1148 3818 1245 Slomowski,

895 1276 1123 1351 Paulo
1160 1275 1661 1364 Krassowski,
1721 1272 2017 1348 Andrea
2053 1242 2655 1372 Zebrzydowski‚
2713 1269 3082 1348 Guilelmo
3127 1271 3457 1367 Jarocki,
3514 1272 3824 1348 Joanne

898 1395 1188 1493 Sbaski,
1248 1398 1555 1471 Nicolao
1611 1395 2105 1490 Mulkowski,
2177 1394 2463 1470 Joanne
2517 1395 2978 1489 Drzewicki,
3049 1395 3328 1475 Mathia
3377 1396 3826 1470 Drzewicki

898 1530 969 1594 et
1032 1518 1395 1595 Stanislao
1470 1516 1789 1611 Gorski,
1869 1515 2234 1591 Stanislao
2304 1516 2765 1592 Zdroiowski
2837 1516 3199 1592 Praelatis
3271 1525 3342 1591 et
3415 1515 3822 1592 Canonieis

895 1643 1312 1739 praedictae
1366 1641 1747 1716 Ecclesiae
1806 1638 2320 1715 Cracoviensis
2377 1640 2870 1738 capitulariter
2923 1641 3406 1735 congregatis,
3467 1640 3562 1714 ad
3598 1663 3822 1737 prae·

896 1767 1123 1840 missa
1177 1766 1417 1838 omnia
1472 1774 1543 1838 et
1598 1763 1888 1859 singula
1941 1764 2558 1839 consentientibus
2613 1772 2686 1838 et
2735 1763 3160 1875 iurantibus,
3214 1761 3475 1836 Amen.

2121 2074 2590 2177 LXXXV.

1041 2287 1144 2367 De
1202 2305 1445 2386 poena
1498 2287 1769 2367 contra
1824 2284 2295 2385 negligentes
2351 2287 2676 2368 cantare
2733 2255 3022 2381 missas
3079 2285 3146 2367 in
3203 2282 3668 2388 septimana.

1111 2496 1393 2569 Placuit
1470 2497 1801 2570 Dominis
1875 2519 1965 2570 ex
2019 2496 2433 2593 pluralitate
2488 2504 2832 2573 =votorum
2910 2496 3506 2572 concludentibus
3562 2504 3634 2569 et
3693 2496 3820 2572 de-

904 2619 1403 2712 cernentibus,
1476 2618 1617 2692 hoc
1669 2620 1907 2715 ipsum
1982 2618 2620 2694 Reverendissimo
2692 2620 3006 2693 Domino
3080 2626 3327 2694 nostro
3397 2619 3694 2693 volente
3752 2606 3824 2693 et

904 2741 1325 2836 mandante,
1404 2741 1594 2838 quod
1670 2766 1713 2815 a
1770 2743 1983 2816 modo
2058 2748 2130 2816 et
2201 2740 2546 2838 deinceps
2619 2741 2880 2814 futuris
2951 2742 3434 2837 temporibus,
3510 2742 3824 2836 quilibet

908 2862 1289 2936 Praelatus
1340 2869 1411 2935 et
1448 2860 1883 2958 CanonicuS,
1940 2864 2064 2959 qui
2116 2862 2640 2937 hebdomadam
2697 2886 2900 2936 suam
2957 2886 3114 2938 eum
3171 2887 3262 2937 ex
3307 2864 3561 2937 ordine
3613 2864 3822 2937 iuxta

906 2986 1135 3057 vicem
1206 2983 1819 3059 hebdomadarum
1895 2986 2431 3080 contingentem
2483 2985 2557 3058 in
2611 2984 2866 3059 Missis
2919 2984 3014 3060 ad
3068 2987 3300 3061 maius
3369 2984 3626 3059 Altare
3693 2986 3821 3059 de-

908 3106 1323 3204 cantandiS,
1398 3131 1531 3206 per
1584 3132 1664 3184 se
1720 3109 1839 3181 vel
1906 3133 2042 3206 per
2103 3110 2321 3184 alium
2394 3108 2847 3182 Confratrem
2919 3108 3314 3208 adimplere
3387 3108 3816 3204 neglexerit,

907 3231 1028 3305 vel
1078 3255 1220 3306 non
1277 3233 1672 3326 curaverit,
1730 3232 1899 3306 talis
1952 3256 1997 3306 a
2053 3232 2372 3329 qualibet
2424 3231 2658 3306 Missa
2711 3231 3046 3326 neglecta
3101 3231 3282 3306 duas
3333 3231 3631 3306 Marcas
3683 3255 3822 3329 pro

904 3377 1159 3450 poena,
1217 3355 1432 3428 toties
1487 3355 1771 3451 quoties
1823 3355 2234 3429 huiusmodi
2289 3353 2774 3448 negligentias
2829 3354 3235 3451 admiserit,
3291 3355 3818 3430 irremissibili-

909 3484 1021 3549 ter
1071 3476 1164 3550 ad
1218 3501 1469 3551 manus
1523 3477 2076 3552 Procuratorum
2150 3476 2467 3574 Capituli
2523 3476 2696 3551 dare
2751 3485 2823 3550 et
2877 3478 3160 3552 solvere
3235 3479 3330 3552 sit
3399 3476 3816 3568 adstrictus,

912 3623 1207 3695 quarum
1296 3598 1745 3673 medietatem
1836 3599 2169 3674 Praelato
2233 3600 2354 3673 vel
2426 3596 2795 3674 Canonico
2877 3601 3062 3673 tales
3132 3599 3622 3693 negligentias
3697 3625 3819 3674 ex-

912 3721 1139 3818 plenti
1195 3729 1266 3795 et
1320 3724 1741 3818 exequenti,
1800 3707 2148 3817 reliquam
2205 3747 2376 3796 vero
2432 3747 2564 3820 pro
2617 3722 3094 3799 luminaribus
3148 3730 3220 3796 et
3273 3723 3438 3796 aliis
3493 3724 3818 3798 necessi-

911 3845 1179 3918 tatibus
1231 3842 1612 3917 Ecclesiae
1672 3844 2132 3919 Gathedralis
2200 3844 2760 3938 Craeoviensis,
2828 3845 3333 3943 applicandam
3387 3853 3460 3917 et
3514 3868 3820 3919 conver-

910 3966 1197 4040 tendam
1280 3990 1445 4041 esse
1532 3964 2007 4040 decreverunt
2088 3975 2160 4040 et
2229 3974 2650 4042 statuerunt.
2750 3966 2964 4041 Anno
3048 3968 3344 4041 Domini
3422 3967 3821 4044 Millesimo

912 4087 1507 4182 Quingentesimo
1568 4087 2146 4182 Quadi-agesimo
2201 4090 2453 4186 primo.
2513 4091 2655 4164 Die
2717 4089 2810 4164 14
2868 4090 3228 4165 Octobris.

2116 4399 2623 4503 LXXXVL

920 4609 1025 4691 De
1082 4611 1529 4710 praesentia
1584 4612 1648 4691 in
1702 4609 2284 4693 anniversariis.
2341 4609 2547 4692 Anno
2604 4610 2878 4694 Domini
2935 4609 3310 4693 millesimo
3370 4607 3820 4712 ssuinuente-

1218 4733 1403 4814 simo
1461 4728 2080 4833 ssuinquauesimo
2138 4731 2497 4815 secundo.
2555 4733 2683 4839 Die
2740 4734 2984 4815 Lunae
3039 4734 3092 4814 3
3148 4731 3520 4814 octobris.

1130 4944 1416 5019 Placuit
1468 4944 1799 5016 Dominis
1852 4943 2303 5019 Reverendis
2355 4945 2767 5043 pluralitate
2823 4945 3324 5039 suffragiorum
3386 4944 3821 5020 concluden-

922 5070 1154 5162 tibus,
1230 5064 1580 5142 Statutum
1637 5066 1726 5141 de
1781 5067 2319 5143 Anniversariis
2383 5068 2686 5161 editum,
2759 5092 2891 5166 per
2943 5068 3183 5140 omnia
3235 5074 3306 5139 et
3359 5065 3453 5140 ad
3505 5089 3822 5161 unguem

925 5217 1089 5268 esse
1144 5189 1672 5264 observandum
1727 5198 1799 5263 et
1849 5190 2445 5266 manutenendum
2502 5191 2601 5264 ita
2655 5191 3023 5284 videlicet,
3078 5197 3156 5263 ut
3207 5189 3614 5286 quicunque
3669 5189 3819 5262 Do-

924 5315 1272 5389 minorum
1343 5311 1844 5387 Anniversarii
1924 5315 2254 5410 portione
2337 5313 2658 5407 gaudere
2738 5313 3089 5408 voluerit,
3169 5311 3261 5385 ad
3335 5313 3818 5410 inceptionem

3983 6129 4009 6279 Ὲῌ-.
4006 6093 4009 6106 -
4006 6021 4009 6064 .-.
4006 5957 4009 6004 -
