4055 6364
1521 816 1612 831 ....
1723 770 1822 852 13
1935 818 2026 833 .-

1577 980 1920 1081 XVIII.

755 1190 862 1271 De
899 1208 1042 1271 non
1098 1188 1648 1273 committendis
1705 1189 1915 1274 bonis
1969 1189 2521 1292 episcopalibus
2576 1188 2814 1291 iaicis.

535 1398 637 1472 Et
690 1398 1026 1495 quoniam
1080 1397 1295 1473 valde
1351 1408 1463 1473 est
1532 1400 2039 1497 periculosum,
2111 1410 2189 1475 ut
2256 1401 2749 1499 experimento
2822 1400 3227 1495 didicimus,

319 1520 596 1595 Castra
653 1529 724 1595 et
775 1522 1142 1617 quaelibet
1207 1521 1549 1596 fortalitia
1617 1521 1997 1597 Ecclesiae
2052 1521 2147 1597 ad
2200 1546 2452 1598 manus
2507 1522 2792 1597 tradere
2854 1523 3225 1619 laicorum,

319 1644 742 1717 statuimus:
801 1643 989 1739 quod
1046 1644 1348 1740 quilibet
1396 1642 1812 1742 Episcopus
1865 1645 1985 1718 vel
2037 1645 2359 1737 Electus,
2434 1644 2695 1718 Castra
2764 1653 2837 1719 et
2888 1645 3232 1720 fortalitia

323 1764 716 1839 Ecclesiae
795 1765 1112 1862 regenda
1191 1774 1264 1839 et
1331 1765 1802 1859 gubernanda
1880 1790 2023 1841 non
2106 1768 2535 1857 committat,
2619 1767 2760 1841 nisi
2840 1765 3231 1843 Canonicis

323 1887 717 1961 Ecclesiae
771 1884 1282 1963 Cracoviensis
1333 1898 1790 1962 memoratae.

1664 2217 1924 2317 XIX.

1325 2424 1427 2508 ne
1485 2424 1766 2509 Gratiis
1822 2422 2248 2509 servandis.

541 2636 724 2709 Item
795 2635 986 2732 quod
1041 2661 1085 2709 a
1148 2636 1846 2710 praedecessoribus
1916 2635 2441 2710 rationabiliter
2511 2636 2946 2732 conceditur,
3023 2638 3239 2714 debet

331 2782 376 2830 a
430 2758 749 2853 posteris
801 2758 1061 2831 nedum
1114 2759 1484 2857 impediri,
1563 2781 1808 2833 verum
1865 2759 2081 2832 etiam
2136 2758 2544 2851 benigniter
2598 2760 3035 2855 promoveri,
3111 2760 3237 2856 qui
3324 2792 3335 2803 ·

335 2880 527 2953 enim
583 2880 757 2953 talia
789 2878 1138 2978 impedire
1191 2881 1436 2955 nititur
1494 2881 1678 2953 viam
1733 2881 2039 2975 praebet
2072 2888 2149 2955 ut
2186 2903 2294 2971 ea,
2353 2903 2535 2975 quae
2589 2881 2751 2978 ipse
2804 2881 3059 2955 fecerit
3094 2905 3236 2956 non
3286 2945 3293 2954 .

335 3010 736 3077 serventur.
793 3002 1103 3101 Propter
1151 3002 1364 3099 quod,
1423 3027 1562 3077 una
1599 3025 1756 3077 cum
1803 3001 2185 3076 Fratribus
2238 3003 2637 3097 statuimus,
2694 3004 2883 3100 quod
2940 3004 3241 3111 quilibet

334 3120 741 3200 Successor
789 3108 1035 3199 noster
1087 3124 1532 3222 Episcopus,
1586 3125 1864 3218 gratias
1919 3114 2070 3221 per'
2104 3124 2260 3199 Nos
2316 3132 2386 3198 et
2438 3123 3058 3200 Praedecessores
3112 3146 3238 3198 no-

337 3255 530 3321 stros
585 3246 1023 3342 quibuslibet
1094 3248 1448 3350 personis·
1481 3248 2000 3322 ecclesiasticis
2056 3250 2325 3340 factas,
2382 3246 2682 3320 firmiter
2736 3254 2807 3320 et
2856 3246 3236 3322 inviolabi-

331 3369 502 3444 liter
555 3370 918 3462 observet,
974 3369 1398 3466 praesertim
1452 3393 1611 3444 cum
1665 3371 1852 3444 tales
1911 3368 2192 3465 gratiae
2262 3368 2507 3463 dignis
2578 3370 2851 3443 meritis
2918 3370 3239 3466 ipsorum

337 3490 802 3585 exigentibus
856 3491 1000 3566 sint
1050 3491 1234 3589 ipsis
1288 3513 1702 3565 concessae.

1701 3816 1905 3918 XX.

1338 4027 1442 4109 ne
1495 4025 1797 4109 fabrica
1852 4026 2268 4110 Ecclesiae.

553 4239 970 4334 Caeterum,
1029 4263 1190 4314 cum
1253 4261 1501 4312 omnes
1553 4246 1927 4313 teneamur
1977 4239 2349 4313 intendere
2403 4238 2498 4312 ad
2553 4238 2885 4313 decorem
2962 4239 3244 4312 Domus

345 4365 513 4456 Dei,
573 4363 974 4455 statuimus,
1033 4360 1221 4457 qnod
1279 4360 1849 4458 quandocunque
1904 4367 1976 4434 et
2011 4363 2571 4457 quotiescunque
2625 4361 2783 4436 Nos
2838 4362 3243 4436 Ecclesiam

343 4494 690 4579 nostram,
747 4485 998 4559 maiori
1035 4485 1108 4558 in
1146 4493 1349 4580 parte
1402 4485 1816 4576 reformare,
1874 4482 1993 4557 vel
2027 4483 2101 4556 in
2152 4493 2299 4557 toto
2354 4483 2737 4558 aedificare
2791 4485 3245 4578 contingerit,

347 4608 506 4683 Nos
580 4619 655 4680 et
726 4604 1205 4683 Successores
1275 4607 1502 4681 nostri
1575 4607 1698 4701 qui
1767 4627 1898 4702 pro
1970 4613 2291 4703 tempore
2362 4606 2663 4699 fuerint,
2749 4605 2932 4681 duas
3003 4615 3249 4705 partes

347 4731 660 4806 omnium
714 4731 1202 4827 impensarum
1256 4737 1326 4803 et
1378 4727 2056 4825 impendendorum,
2132 4711 2431 4800 Fratres
2485 4750 2658 4801 vero
2712 4727 2939 4802 nostri
2992 4727 3245 4801 videli-

349 4861 470 4925 cet
519 4851 933 4949 Capitulum
986 4851 1270 4925 tertiam
1323 4858 1599 4947 partem
1655 4849 1813 4924 sine
1868 4847 2432 4922 contradictione
2506 4849 2826 4944 qualibet
2876 4849 3249 4945 persolve·

347 4997 546 5069 mus,
603 4975 740 5049 sub
795 4975 1142 5070 praestito
1197 4995 1327 5070 per
1378 4969 1538 5046 Nos
1592 4971 1684 5044 de
1739 4968 2040 5046 Statutis
2095 4971 2590 5068 observandis,
2648 4971 3007 5068 corporali
3058 4971 3247 5044 iura-

352 5104 618 5172 mento.
