<?xml version="1.0" encoding="UTF-8"?>
<!DOCTYPE html PUBLIC "-//W3C//DTD XHTML 1.0 Transitional//EN"
    "http://www.w3.org/TR/xhtml1/DTD/xhtml1-transitional.dtd">
<html xmlns="http://www.w3.org/1999/xhtml" xml:lang="en" lang="en">
 <head>
  <title>
</title>
<meta http-equiv="Content-Type" content="text/html;charset=utf-8" />
  <meta name='ocr-system' content='tesseract 3.04.00' />
  <meta name='ocr-capabilities' content='ocr_page ocr_carea ocr_par ocr_line ocrx_word'/>
</head>
<body>
  <div class='ocr_page' id='page_1' title='image "./statutacapitula00nykogoog_0266.png"; bbox 0 0 4055 6364; ppageno 0'>
   <div class='ocr_carea' id='block_1_1' title="bbox 1277 819 1948 918">
    <p class='ocr_par' dir='ltr' id='par_1_1' title="bbox 1277 819 1948 918">
     <span class='ocr_line' id='line_1_1' title="bbox 1277 819 1948 918; baseline 0.004 -25"><span class='ocrx_word' id='word_1_1' title='bbox 1277 819 1948 918; x_wconf 82' lang='lat'>.-243-</span> 
     </span>
    </p>
   </div>
   <div class='ocr_carea' id='block_1_2' title="bbox 215 1021 3115 4050">
    <p class='ocr_par' dir='ltr' id='par_1_2' title="bbox 225 1021 3113 1258">
     <span class='ocr_line' id='line_1_2' title="bbox 229 1021 3113 1125; baseline 0.002 -29"><span class='ocrx_word' id='word_1_2' title='bbox 229 1021 554 1096; x_wconf 85' lang='lat' dir='ltr'>tradant:</span> <span class='ocrx_word' id='word_1_3' title='bbox 610 1031 682 1096; x_wconf 89' lang='lat' dir='ltr'>et</span> <span class='ocrx_word' id='word_1_4' title='bbox 731 1024 988 1099; x_wconf 87' lang='lat' dir='ltr'>librum</span> <span class='ocrx_word' id='word_1_5' title='bbox 1045 1027 1426 1122; x_wconf 88' lang='lat' dir='ltr'>habebunt,</span> <span class='ocrx_word' id='word_1_6' title='bbox 1485 1031 1554 1102; x_wconf 92' lang='lat' dir='ltr'>in</span> <span class='ocrx_word' id='word_1_7' title='bbox 1595 1051 1736 1124; x_wconf 89' lang='lat' dir='ltr'>quo</span> <span class='ocrx_word' id='word_1_8' title='bbox 1774 1030 2059 1104; x_wconf 88' lang='lat' dir='ltr'>nomina</span> <span class='ocrx_word' id='word_1_9' title='bbox 2098 1029 2608 1121; x_wconf 86' lang='lat' dir='ltr'>Ecclesiarum,</span> <span class='ocrx_word' id='word_1_10' title='bbox 2670 1053 2798 1125; x_wconf 91' lang='lat' dir='ltr'>pro</span> <span class='ocrx_word' id='word_1_11' title='bbox 2856 1030 3113 1124; x_wconf 84' lang='lat' dir='ltr'>quibus</span> 
     </span>
     <span class='ocr_line' id='line_1_3' title="bbox 225 1146 2396 1258; baseline 0.001 -39"><span class='ocrx_word' id='word_1_12' title='bbox 225 1146 462 1219; x_wconf 89' lang='lat' dir='ltr'>oleum</span> <span class='ocrx_word' id='word_1_13' title='bbox 519 1147 914 1258; x_wconf 29' lang='lat' dir='ltr'>accipitur&amp;</span> <span class='ocrx_word' id='word_1_14' title='bbox 946 1159 1018 1222; x_wconf 91' lang='lat' dir='ltr'>et</span> <span class='ocrx_word' id='word_1_15' title='bbox 1071 1174 1309 1224; x_wconf 88' lang='lat' dir='ltr'>eorum</span> <span class='ocrx_word' id='word_1_16' title='bbox 1368 1153 1490 1247; x_wconf 91' lang='lat' dir='ltr'>qui</span> <span class='ocrx_word' id='word_1_17' title='bbox 1543 1152 1922 1246; x_wconf 85' lang='lat' dir='ltr'>accipiunt,</span> <span class='ocrx_word' id='word_1_18' title='bbox 1980 1151 2396 1225; x_wconf 87' lang='lat' dir='ltr'>inscribent.</span> 
     </span>
    </p>

    <p class='ocr_par' dir='ltr' id='par_1_3' title="bbox 225 1257 3111 1492">
     <span class='ocr_line' id='line_1_4' title="bbox 432 1257 3111 1369; baseline 0.002 -29"><span class='ocrx_word' id='word_1_19' title='bbox 432 1266 660 1342; x_wconf 91' lang='lat' dir='ltr'>Iidem</span> <span class='ocrx_word' id='word_1_20' title='bbox 713 1257 1239 1346; x_wconf 80' lang='lat' dir='ltr'>Vicecustodes</span> <span class='ocrx_word' id='word_1_21' title='bbox 1293 1272 1606 1348; x_wconf 88' lang='lat' dir='ltr'>habeant</span> <span class='ocrx_word' id='word_1_22' title='bbox 1665 1273 2138 1348; x_wconf 83' lang='lat' dir='ltr'><strong>inventarium</strong></span> <span class='ocrx_word' id='word_1_23' title='bbox 2195 1271 2667 1369; x_wconf 87' lang='lat' dir='ltr'>supellectilis</span> <span class='ocrx_word' id='word_1_24' title='bbox 2730 1272 3111 1346; x_wconf 86' lang='lat' dir='ltr'>universae</span> 
     </span>
     <span class='ocr_line' id='line_1_5' title="bbox 225 1387 3105 1492; baseline 0.002 -32"><span class='ocrx_word' id='word_1_25' title='bbox 225 1387 648 1482; x_wconf 78' lang='lat' dir='ltr'>Ecclesiae,</span> <span class='ocrx_word' id='word_1_26' title='bbox 708 1392 911 1465; x_wconf 88' lang='lat' dir='ltr'>cuius</span> <span class='ocrx_word' id='word_1_27' title='bbox 957 1394 1282 1467; x_wconf 87' lang='lat' dir='ltr'>custodia</span> <span class='ocrx_word' id='word_1_28' title='bbox 1337 1395 1478 1468; x_wconf 90' lang='lat' dir='ltr'>sibi</span> <span class='ocrx_word' id='word_1_29' title='bbox 1531 1396 1942 1468; x_wconf 88' lang='lat' dir='ltr'>concredita</span> <span class='ocrx_word' id='word_1_30' title='bbox 1993 1403 2146 1490; x_wconf 66' lang='grc' dir='ltr'>θεῖς</span> <span class='ocrx_word' id='word_1_31' title='bbox 2222 1393 2419 1467; x_wconf 85' lang='lat' dir='ltr'>aliud</span> <span class='ocrx_word' id='word_1_32' title='bbox 2473 1394 2569 1468; x_wconf 87' lang='lat' dir='ltr'>sit</span> <span class='ocrx_word' id='word_1_33' title='bbox 2618 1395 2693 1466; x_wconf 91' lang='lat' dir='ltr'>in</span> <span class='ocrx_word' id='word_1_34' title='bbox 2748 1393 3105 1492; x_wconf 86' lang='lat' dir='ltr'>Capitnlo.</span> 
     </span>
    </p>

    <p class='ocr_par' dir='ltr' id='par_1_4' title="bbox 223 1509 3111 1977">
     <span class='ocr_line' id='line_1_6' title="bbox 433 1509 3111 1612; baseline 0.003 -30"><span class='ocrx_word' id='word_1_35' title='bbox 433 1511 600 1584; x_wconf 88' lang='lat' dir='ltr'>Duo</span> <span class='ocrx_word' id='word_1_36' title='bbox 654 1535 694 1585; x_wconf 90' lang='lat' dir='ltr'>e</span> <span class='ocrx_word' id='word_1_37' title='bbox 749 1511 1137 1588; x_wconf 86' lang='lat' dir='ltr'>Canonicis</span> <span class='ocrx_word' id='word_1_38' title='bbox 1210 1515 1525 1612; x_wconf 87' lang='lat' dir='ltr'>deputati</span> <span class='ocrx_word' id='word_1_39' title='bbox 1599 1524 1765 1591; x_wconf 90' lang='lat' dir='ltr'>sunt</span> <span class='ocrx_word' id='word_1_40' title='bbox 1839 1509 2306 1590; x_wconf 81' lang='lat' dir='ltr'>Reverendus</span> <span class='ocrx_word' id='word_1_41' title='bbox 2386 1517 2731 1590; x_wconf 78' lang='lat' dir='ltr'>Dominus</span> <span class='ocrx_word' id='word_1_42' title='bbox 2800 1517 3111 1591; x_wconf 88' lang='lat' dir='ltr'>Ioannes</span> 
     </span>
     <span class='ocr_line' id='line_1_7' title="bbox 225 1621 3111 1734; baseline 0.002 -29"><span class='ocrx_word' id='word_1_43' title='bbox 225 1631 609 1706; x_wconf 79' lang='lat' dir='ltr'>Zerzinski</span> <span class='ocrx_word' id='word_1_44' title='bbox 663 1642 735 1707; x_wconf 92' lang='lat' dir='ltr'>et</span> <span class='ocrx_word' id='word_1_45' title='bbox 785 1633 1096 1708; x_wconf 88' lang='lat' dir='ltr'>Ioannes</span> <span class='ocrx_word' id='word_1_46' title='bbox 1165 1637 1500 1710; x_wconf 87' lang='lat' dir='ltr'>Andreas</span> <span class='ocrx_word' id='word_1_47' title='bbox 1571 1621 2100 1725; x_wconf 79' lang='lat' dir='ltr'>Prochniczki‚</span> <span class='ocrx_word' id='word_1_48' title='bbox 2159 1638 2277 1732; x_wconf 91' lang='lat' dir='ltr'>qui</span> <span class='ocrx_word' id='word_1_49' title='bbox 2335 1641 2739 1712; x_wconf 87' lang='lat' dir='ltr'>universam</span> <span class='ocrx_word' id='word_1_50' title='bbox 2798 1637 3111 1734; x_wconf 87' lang='lat' dir='ltr'>supelle-</span> 
     </span>
     <span class='ocr_line' id='line_1_8' title="bbox 223 1753 3109 1854; baseline 0.002 -29"><span class='ocrx_word' id='word_1_51' title='bbox 223 1753 462 1826; x_wconf 84' lang='lat' dir='ltr'>ctilem</span> <span class='ocrx_word' id='word_1_52' title='bbox 538 1755 1104 1831; x_wconf 86' lang='lat' dir='ltr'>ecclesiasticam</span> <span class='ocrx_word' id='word_1_53' title='bbox 1161 1757 1577 1852; x_wconf 86' lang='lat' dir='ltr'>diligentius</span> <span class='ocrx_word' id='word_1_54' title='bbox 1629 1760 2043 1854; x_wconf 82' lang='lat' dir='ltr'>revideant,</span> <span class='ocrx_word' id='word_1_55' title='bbox 2112 1759 2525 1833; x_wconf 77' lang='lat' dir='ltr'>describant</span> <span class='ocrx_word' id='word_1_56' title='bbox 2578 1767 2649 1832; x_wconf 91' lang='lat' dir='ltr'>et</span> <span class='ocrx_word' id='word_1_57' title='bbox 2701 1759 2949 1832; x_wconf 88' lang='lat' dir='ltr'>ordine</span> <span class='ocrx_word' id='word_1_58' title='bbox 3005 1758 3109 1832; x_wconf 89' lang='lat' dir='ltr'>di-</span> 
     </span>
     <span class='ocr_line' id='line_1_9' title="bbox 223 1877 3004 1977; baseline 0.002 -29"><span class='ocrx_word' id='word_1_59' title='bbox 223 1884 554 1972; x_wconf 85' lang='lat' dir='ltr'>sponant,</span> <span class='ocrx_word' id='word_1_60' title='bbox 611 1877 1068 1952; x_wconf 89' lang='lat' dir='ltr'>reficiendam</span> <span class='ocrx_word' id='word_1_61' title='bbox 1127 1889 1198 1954; x_wconf 90' lang='lat' dir='ltr'>et</span> <span class='ocrx_word' id='word_1_62' title='bbox 1251 1883 1727 1956; x_wconf 89' lang='lat' dir='ltr'>mundandam</span> <span class='ocrx_word' id='word_1_63' title='bbox 1785 1891 2036 1958; x_wconf 88' lang='lat' dir='ltr'>curent</span> <span class='ocrx_word' id='word_1_64' title='bbox 2090 1907 2179 1956; x_wconf 84' lang='lat' dir='ltr'>ex</span> <span class='ocrx_word' id='word_1_65' title='bbox 2233 1881 2537 1977; x_wconf 91' lang='lat' dir='ltr'>pecunia</span> <span class='ocrx_word' id='word_1_66' title='bbox 2593 1904 3004 1976; x_wconf 80' lang='lat' dir='ltr'>capparum.</span> 
     </span>
    </p>

    <p class='ocr_par' dir='ltr' id='par_1_5' title="bbox 221 1997 3113 2229">
     <span class='ocr_line' id='line_1_10' title="bbox 433 1997 3113 2097; baseline 0.002 -28"><span class='ocrx_word' id='word_1_67' title='bbox 433 1997 762 2072; x_wconf 88' lang='lat' dir='ltr'>Missalia</span> <span class='ocrx_word' id='word_1_68' title='bbox 815 2001 908 2074; x_wconf 87' lang='lat' dir='ltr'>ad</span> <span class='ocrx_word' id='word_1_69' title='bbox 961 2003 1196 2076; x_wconf 87' lang='lat' dir='ltr'>minus</span> <span class='ocrx_word' id='word_1_70' title='bbox 1250 2019 1434 2095; x_wconf 90' lang='lat' dir='ltr'>octo,</span> <span class='ocrx_word' id='word_1_71' title='bbox 1500 2002 1801 2097; x_wconf 84' lang='lat' dir='ltr'>Agenda</span> <span class='ocrx_word' id='word_1_72' title='bbox 1855 2003 1949 2077; x_wconf 90' lang='lat' dir='ltr'>ad</span> <span class='ocrx_word' id='word_1_73' title='bbox 2001 2003 2237 2077; x_wconf 88' lang='lat' dir='ltr'>minus</span> <span class='ocrx_word' id='word_1_74' title='bbox 2292 2001 2439 2076; x_wconf 90' lang='lat' dir='ltr'>duo</span> <span class='ocrx_word' id='word_1_75' title='bbox 2475 2003 2724 2093; x_wconf 79' lang='lat' dir='ltr'>sintin</span> <span class='ocrx_word' id='word_1_76' title='bbox 2764 1999 3113 2076; x_wconf 81' lang='lat' dir='ltr'>Sacristia</span> 
     </span>
     <span class='ocr_line' id='line_1_11' title="bbox 221 2119 2300 2229; baseline 0.001 -35"><span class='ocrx_word' id='word_1_77' title='bbox 221 2142 355 2216; x_wconf 87' lang='lat' dir='ltr'>pro</span> <span class='ocrx_word' id='word_1_78' title='bbox 413 2143 548 2193; x_wconf 89' lang='lat' dir='ltr'>usu</span> <span class='ocrx_word' id='word_1_79' title='bbox 601 2119 1021 2219; x_wconf 81' lang='lat' dir='ltr'>Ecclesiae,</span> <span class='ocrx_word' id='word_1_80' title='bbox 1079 2147 1262 2229; x_wconf 81' lang='lat' dir='ltr'>quae</span> <span class='ocrx_word' id='word_1_81' title='bbox 1317 2149 1449 2199; x_wconf 86' lang='lat' dir='ltr'>nos</span> <span class='ocrx_word' id='word_1_82' title='bbox 1503 2126 1646 2222; x_wconf 90' lang='lat' dir='ltr'>ipsi</span> <span class='ocrx_word' id='word_1_83' title='bbox 1701 2126 2300 2220; x_wconf 81' lang='lat' dir='ltr'>comparabimus.</span> 
     </span>
    </p>

    <p class='ocr_par' dir='ltr' id='par_1_6' title="bbox 219 2242 3115 2706">
     <span class='ocr_line' id='line_1_12' title="bbox 434 2242 3109 2321; baseline 0.002 -8"><span class='ocrx_word' id='word_1_84' title='bbox 434 2243 519 2314; x_wconf 93' lang='lat' dir='ltr'>In</span> <span class='ocrx_word' id='word_1_85' title='bbox 573 2242 782 2318; x_wconf 85' lang='lat' dir='ltr'>libris</span> <span class='ocrx_word' id='word_1_86' title='bbox 834 2246 1211 2319; x_wconf 87' lang='lat' dir='ltr'>ritualibus</span> <span class='ocrx_word' id='word_1_87' title='bbox 1281 2247 1559 2321; x_wconf 88' lang='lat' dir='ltr'>indices</span> <span class='ocrx_word' id='word_1_88' title='bbox 1630 2247 1806 2320; x_wconf 88' lang='lat' dir='ltr'>fiant</span> <span class='ocrx_word' id='word_1_89' title='bbox 1861 2246 2249 2321; x_wconf 86' lang='lat' dir='ltr'>secundum</span> <span class='ocrx_word' id='word_1_90' title='bbox 2308 2245 2753 2319; x_wconf 88' lang='lat' dir='ltr'>Breviarium</span> <span class='ocrx_word' id='word_1_91' title='bbox 2808 2253 2880 2319; x_wconf 90' lang='lat' dir='ltr'>et</span> <span class='ocrx_word' id='word_1_92' title='bbox 2933 2243 3109 2319; x_wconf 85' lang='lat' dir='ltr'>Mis—</span> 
     </span>
     <span class='ocr_line' id='line_1_13' title="bbox 221 2363 3112 2462; baseline 0.001 -24"><span class='ocrx_word' id='word_1_93' title='bbox 221 2364 378 2438; x_wconf 86' lang='lat' dir='ltr'>sale</span> <span class='ocrx_word' id='word_1_94' title='bbox 433 2363 870 2458; x_wconf 87' lang='lat' dir='ltr'>Romanum,</span> <span class='ocrx_word' id='word_1_95' title='bbox 949 2376 1020 2439; x_wconf 92' lang='lat' dir='ltr'>et</span> <span class='ocrx_word' id='word_1_96' title='bbox 1092 2390 1274 2461; x_wconf 89' lang='lat' dir='ltr'>quae</span> <span class='ocrx_word' id='word_1_97' title='bbox 1348 2368 1626 2456; x_wconf 83' lang='lat' dir='ltr'>desunt,</span> <span class='ocrx_word' id='word_1_98' title='bbox 1705 2392 1797 2442; x_wconf 81' lang='lat' dir='ltr'>ex</span> <span class='ocrx_word' id='word_1_99' title='bbox 1868 2365 2363 2443; x_wconf 78' lang='lat' dir='ltr'>Gradualibus</span> <span class='ocrx_word' id='word_1_100' title='bbox 2435 2375 2506 2439; x_wconf 92' lang='lat' dir='ltr'>et</span> <span class='ocrx_word' id='word_1_101' title='bbox 2566 2364 3112 2462; x_wconf 87' lang='lat' dir='ltr'>Antiphonariis</span> 
     </span>
     <span class='ocr_line' id='line_1_14' title="bbox 219 2485 3115 2586; baseline 0.001 -27"><span class='ocrx_word' id='word_1_102' title='bbox 219 2485 574 2576; x_wconf 80' lang='lat' dir='ltr'>Romanis</span> <span class='ocrx_word' id='word_1_103' title='bbox 649 2488 1154 2584; x_wconf 87' lang='lat' dir='ltr'>suppleantur:</span> <span class='ocrx_word' id='word_1_104' title='bbox 1214 2490 1302 2564; x_wconf 91' lang='lat' dir='ltr'>ad</span> <span class='ocrx_word' id='word_1_105' title='bbox 1361 2514 1544 2586; x_wconf 90' lang='lat' dir='ltr'>quae</span> <span class='ocrx_word' id='word_1_106' title='bbox 1598 2489 1928 2564; x_wconf 86' lang='lat' dir='ltr'>facienda</span> <span class='ocrx_word' id='word_1_107' title='bbox 1997 2489 2504 2565; x_wconf 86' lang='lat' dir='ltr'>Vicedecanus</span> <span class='ocrx_word' id='word_1_108' title='bbox 2559 2498 2630 2564; x_wconf 90' lang='lat' dir='ltr'>et</span> <span class='ocrx_word' id='word_1_109' title='bbox 2681 2489 3115 2564; x_wconf 89' lang='lat' dir='ltr'>Vicecautor</span> 
     </span>
     <span class='ocr_line' id='line_1_15' title="bbox 219 2609 1928 2706; baseline 0.004 -25"><span class='ocrx_word' id='word_1_110' title='bbox 219 2615 337 2682; x_wconf 91' lang='lat' dir='ltr'>est</span> <span class='ocrx_word' id='word_1_111' title='bbox 392 2609 794 2706; x_wconf 86' lang='lat' dir='ltr'>deputatus.</span> <span class='ocrx_word' id='word_1_112' title='bbox 1924 2611 1928 2616; x_wconf 79' lang='grc'><strong>’</strong></span> 
     </span>
    </p>

    <p class='ocr_par' dir='ltr' id='par_1_7' title="bbox 217 2731 3111 3072">
     <span class='ocr_line' id='line_1_16' title="bbox 431 2731 3111 2830; baseline 0.001 -26"><span class='ocrx_word' id='word_1_113' title='bbox 431 2731 711 2804; x_wconf 88' lang='lat' dir='ltr'>Altaria</span> <span class='ocrx_word' id='word_1_114' title='bbox 765 2733 985 2806; x_wconf 85' lang='lat' dir='ltr'>variis</span> <span class='ocrx_word' id='word_1_115' title='bbox 1041 2734 1404 2807; x_wconf 86' lang='lat' dir='ltr'>coloribus</span> <span class='ocrx_word' id='word_1_116' title='bbox 1459 2734 1850 2808; x_wconf 89' lang='lat' dir='ltr'>secundum</span> <span class='ocrx_word' id='word_1_117' title='bbox 1903 2735 2249 2830; x_wconf 85' lang='lat' dir='ltr'>temporis</span> <span class='ocrx_word' id='word_1_118' title='bbox 2298 2733 2717 2808; x_wconf 87' lang='lat' dir='ltr'>varietatem</span> <span class='ocrx_word' id='word_1_119' title='bbox 2772 2740 3111 2808; x_wconf 89' lang='lat' dir='ltr'>ornentur</span> 
     </span>
     <span class='ocr_line' id='line_1_17' title="bbox 219 2852 3109 2952; baseline 0 -25"><span class='ocrx_word' id='word_1_120' title='bbox 219 2881 264 2927; x_wconf 86' lang='lat' dir='ltr'>a</span> <span class='ocrx_word' id='word_1_121' title='bbox 322 2852 968 2948; x_wconf 87' lang='lat' dir='ltr'>Vicecustodibus,</span> <span class='ocrx_word' id='word_1_122' title='bbox 1027 2863 1098 2928; x_wconf 92' lang='lat' dir='ltr'>et</span> <span class='ocrx_word' id='word_1_123' title='bbox 1151 2864 1541 2952; x_wconf 84' lang='lat' dir='ltr'>apparatus</span> <span class='ocrx_word' id='word_1_124' title='bbox 1596 2855 1873 2929; x_wconf 88' lang='lat' dir='ltr'>Altaris</span> <span class='ocrx_word' id='word_1_125' title='bbox 1927 2865 1998 2930; x_wconf 88' lang='lat' dir='ltr'>et</span> <span class='ocrx_word' id='word_1_126' title='bbox 2036 2855 2287 2930; x_wconf 89' lang='lat' dir='ltr'>caliois</span> <span class='ocrx_word' id='word_1_127' title='bbox 2343 2855 2729 2930; x_wconf 86' lang='lat' dir='ltr'>eorundem</span> <span class='ocrx_word' id='word_1_128' title='bbox 2785 2855 3109 2930; x_wconf 91' lang='lat' dir='ltr'>colorum</span> 
     </span>
     <span class='ocr_line' id='line_1_18' title="bbox 217 2985 588 3072; baseline 0.005 -24"><span class='ocrx_word' id='word_1_129' title='bbox 217 2985 588 3072; x_wconf 87' lang='lat' dir='ltr'>parentur.</span> 
     </span>
    </p>

    <p class='ocr_par' dir='ltr' id='par_1_8' title="bbox 433 3097 2385 3196">
     <span class='ocr_line' id='line_1_19' title="bbox 433 3097 2385 3196; baseline 0.001 -24"><span class='ocrx_word' id='word_1_130' title='bbox 433 3097 860 3195; x_wconf 81' lang='lat' dir='ltr'>Corporalia</span> <span class='ocrx_word' id='word_1_131' title='bbox 915 3107 986 3172; x_wconf 86' lang='lat' dir='ltr'>et</span> <span class='ocrx_word' id='word_1_132' title='bbox 1039 3097 1535 3173; x_wconf 85' lang='lat' dir='ltr'>Purificatoria</span> <span class='ocrx_word' id='word_1_133' title='bbox 1589 3099 1999 3196; x_wconf 89' lang='lat' dir='ltr'>frequenter</span> <span class='ocrx_word' id='word_1_134' title='bbox 2050 3100 2385 3174; x_wconf 88' lang='lat' dir='ltr'>lavanda.</span> 
     </span>
    </p>

    <p class='ocr_par' dir='ltr' id='par_1_9' title="bbox 435 3218 3110 3319">
     <span class='ocr_line' id='line_1_20' title="bbox 435 3218 3110 3319; baseline 0.001 -26"><span class='ocrx_word' id='word_1_135' title='bbox 435 3218 806 3312; x_wconf 85' lang='lat' dir='ltr'>Cassulae‚</span> <span class='ocrx_word' id='word_1_136' title='bbox 849 3245 1028 3316; x_wconf 90' lang='lat' dir='ltr'>quae</span> <span class='ocrx_word' id='word_1_137' title='bbox 1070 3246 1205 3295; x_wconf 88' lang='lat' dir='ltr'>non</span> <span class='ocrx_word' id='word_1_138' title='bbox 1244 3221 1513 3295; x_wconf 88' lang='lat' dir='ltr'>habent</span> <span class='ocrx_word' id='word_1_139' title='bbox 1550 3221 1996 3314; x_wconf 85' lang='lat' dir='ltr'>dalmaticas,</span> <span class='ocrx_word' id='word_1_140' title='bbox 2038 3222 2130 3295; x_wconf 86' lang='lat' dir='ltr'>ad</span> <span class='ocrx_word' id='word_1_141' title='bbox 2174 3223 2494 3319; x_wconf 87' lang='lat' dir='ltr'>privatas</span> <span class='ocrx_word' id='word_1_142' title='bbox 2528 3224 2798 3297; x_wconf 86' lang='lat' dir='ltr'>Missas</span> <span class='ocrx_word' id='word_1_143' title='bbox 2833 3222 3110 3296; x_wconf 89' lang='lat' dir='ltr'>dentur.</span> 
     </span>
    </p>

    <p class='ocr_par' dir='ltr' id='par_1_10' title="bbox 221 3326 3111 3541">
     <span class='ocr_line' id='line_1_21' title="bbox 439 3326 3111 3441; baseline 0.001 -27"><span class='ocrx_word' id='word_1_144' title='bbox 439 3342 814 3432; x_wconf 85' lang='lat' dir='ltr'>Pluvialia‚</span> <span class='ocrx_word' id='word_1_145' title='bbox 857 3326 1040 3439; x_wconf 86' lang='lat' dir='ltr'>quae</span> <span class='ocrx_word' id='word_1_146' title='bbox 1093 3368 1237 3417; x_wconf 89' lang='lat' dir='ltr'>non</span> <span class='ocrx_word' id='word_1_147' title='bbox 1287 3354 1590 3439; x_wconf 86' lang='lat' dir='ltr'>possunt</span> <span class='ocrx_word' id='word_1_148' title='bbox 1645 3368 1808 3417; x_wconf 89' lang='lat' dir='ltr'>esse</span> <span class='ocrx_word' id='word_1_149' title='bbox 1867 3345 2048 3436; x_wconf 88' lang='lat' dir='ltr'>usui,</span> <span class='ocrx_word' id='word_1_150' title='bbox 2090 3344 2507 3441; x_wconf 87' lang='lat' dir='ltr'>seponenda</span> <span class='ocrx_word' id='word_1_151' title='bbox 2561 3352 2632 3418; x_wconf 92' lang='lat' dir='ltr'>et</span> <span class='ocrx_word' id='word_1_152' title='bbox 2666 3344 3111 3441; x_wconf 86' lang='lat' dir='ltr'>pauperiori-</span> 
     </span>
     <span class='ocr_line' id='line_1_22' title="bbox 221 3454 1184 3541; baseline 0.002 -2"><span class='ocrx_word' id='word_1_153' title='bbox 221 3468 364 3539; x_wconf 89' lang='lat' dir='ltr'>bus</span> <span class='ocrx_word' id='word_1_154' title='bbox 421 3464 778 3539; x_wconf 86' lang='lat' dir='ltr'>Ecclesiis</span> <span class='ocrx_word' id='word_1_155' title='bbox 833 3454 1184 3541; x_wconf 85' lang='lat' dir='ltr'>donanda.</span> 
     </span>
    </p>

    <p class='ocr_par' dir='ltr' id='par_1_11' title="bbox 438 3587 2867 3686">
     <span class='ocr_line' id='line_1_23' title="bbox 438 3587 2867 3686; baseline 0 -25"><span class='ocrx_word' id='word_1_156' title='bbox 438 3587 797 3661; x_wconf 87' lang='lat' dir='ltr'>Pluvialia</span> <span class='ocrx_word' id='word_1_157' title='bbox 851 3609 979 3685; x_wconf 91' lang='lat' dir='ltr'>pro</span> <span class='ocrx_word' id='word_1_158' title='bbox 1035 3588 1458 3681; x_wconf 87' lang='lat' dir='ltr'>scolaribus,</span> <span class='ocrx_word' id='word_1_159' title='bbox 1517 3598 1589 3661; x_wconf 91' lang='lat' dir='ltr'>et</span> <span class='ocrx_word' id='word_1_160' title='bbox 1642 3588 1908 3662; x_wconf 84' lang='lat' dir='ltr'>vexilla</span> <span class='ocrx_word' id='word_1_161' title='bbox 1963 3588 2334 3686; x_wconf 90' lang='lat' dir='ltr'>portanda,</span> <span class='ocrx_word' id='word_1_162' title='bbox 2390 3588 2867 3663; x_wconf 88' lang='lat' dir='ltr'>reformanda.</span> 
     </span>
    </p>

    <p class='ocr_par' dir='ltr' id='par_1_12' title="bbox 215 3706 3111 3930">
     <span class='ocr_line' id='line_1_24' title="bbox 433 3706 3111 3807; baseline -0 -23"><span class='ocrx_word' id='word_1_163' title='bbox 433 3712 828 3784; x_wconf 87' lang='lat' dir='ltr'>Fenestrae</span> <span class='ocrx_word' id='word_1_164' title='bbox 899 3706 1284 3784; x_wconf 87' lang='lat' dir='ltr'>Sacristiae</span> <span class='ocrx_word' id='word_1_165' title='bbox 1338 3710 1409 3783; x_wconf 90' lang='lat' dir='ltr'>in</span> <span class='ocrx_word' id='word_1_166' title='bbox 1467 3718 1740 3785; x_wconf 86' lang='lat' dir='ltr'>aestate</span> <span class='ocrx_word' id='word_1_167' title='bbox 1794 3713 2204 3805; x_wconf 82' lang='lat' dir='ltr'>frequenter</span> <span class='ocrx_word' id='word_1_168' title='bbox 2258 3710 2713 3807; x_wconf 87' lang='lat' dir='ltr'>aperiendae,</span> <span class='ocrx_word' id='word_1_169' title='bbox 2772 3720 2843 3783; x_wconf 89' lang='lat' dir='ltr'>et</span> <span class='ocrx_word' id='word_1_170' title='bbox 2895 3734 3111 3805; x_wconf 84' lang='lat' dir='ltr'>supe-</span> 
     </span>
     <span class='ocr_line' id='line_1_25' title="bbox 215 3830 2745 3930; baseline -0.001 -23"><span class='ocrx_word' id='word_1_171' title='bbox 215 3834 456 3908; x_wconf 84' lang='lat' dir='ltr'>riores</span> <span class='ocrx_word' id='word_1_172' title='bbox 509 3834 610 3906; x_wconf 91' lang='lat' dir='ltr'>ita</span> <span class='ocrx_word' id='word_1_173' title='bbox 663 3830 1040 3927; x_wconf 88' lang='lat' dir='ltr'>aptandae,</span> <span class='ocrx_word' id='word_1_174' title='bbox 1097 3840 1174 3905; x_wconf 90' lang='lat' dir='ltr'>ut</span> <span class='ocrx_word' id='word_1_175' title='bbox 1226 3834 1490 3929; x_wconf 89' lang='lat' dir='ltr'>aperiri</span> <span class='ocrx_word' id='word_1_176' title='bbox 1546 3834 1845 3930; x_wconf 88' lang='lat' dir='ltr'>possint,</span> <span class='ocrx_word' id='word_1_177' title='bbox 1904 3856 1991 3904; x_wconf 83' lang='lat' dir='ltr'>ex</span> <span class='ocrx_word' id='word_1_178' title='bbox 2046 3832 2352 3928; x_wconf 87' lang='lat' dir='ltr'>pecunia</span> <span class='ocrx_word' id='word_1_179' title='bbox 2405 3831 2745 3905; x_wconf 85' lang='lat' dir='ltr'>fabricae.</span> 
     </span>
    </p>

    <p class='ocr_par' dir='ltr' id='par_1_13' title="bbox 433 3952 3111 4050">
     <span class='ocr_line' id='line_1_26' title="bbox 433 3952 3111 4050; baseline -0.001 -23"><span class='ocrx_word' id='word_1_180' title='bbox 433 3954 708 4027; x_wconf 88' lang='lat' dir='ltr'>Aulaea</span> <span class='ocrx_word' id='word_1_181' title='bbox 761 3961 832 4027; x_wconf 91' lang='lat' dir='ltr'>et</span> <span class='ocrx_word' id='word_1_182' title='bbox 886 3952 1028 4026; x_wconf 88' lang='lat' dir='ltr'>alia</span> <span class='ocrx_word' id='word_1_183' title='bbox 1100 3962 1514 4029; x_wconf 87' lang='lat' dir='ltr'>ornamenta</span> <span class='ocrx_word' id='word_1_184' title='bbox 1587 3954 1966 4028; x_wconf 86' lang='lat' dir='ltr'>Ecclesiae</span> <span class='ocrx_word' id='word_1_185' title='bbox 2023 3952 2112 4026; x_wconf 89' lang='lat' dir='ltr'>ad</span> <span class='ocrx_word' id='word_1_186' title='bbox 2170 3975 2343 4028; x_wconf 84' lang='lat' dir='ltr'>usus</span> <span class='ocrx_word' id='word_1_187' title='bbox 2397 3953 2740 4050; x_wconf 86' lang='lat' dir='ltr'>profanos</span> <span class='ocrx_word' id='word_1_188' title='bbox 2794 3976 2935 4027; x_wconf 90' lang='lat' dir='ltr'>non</span> <span class='ocrx_word' id='word_1_189' title='bbox 2990 3977 3111 4027; x_wconf 87' lang='lat' dir='ltr'>ac—</span> 
     </span>
    </p>
   </div>
   <div class='ocr_carea' id='block_1_3' title="bbox 217 4074 3113 4295">
    <p class='ocr_par' dir='ltr' id='par_1_14' title="bbox 217 4074 3113 4295">
     <span class='ocr_line' id='line_1_27' title="bbox 217 4074 765 4152; baseline -0.004 0"><span class='ocrx_word' id='word_1_190' title='bbox 217 4074 765 4152; x_wconf 86' lang='lat' dir='ltr'>commodanda.</span> 
     </span>
     <span class='ocr_line' id='line_1_28' title="bbox 437 4196 3113 4295; baseline -0.001 -24"><span class='ocrx_word' id='word_1_191' title='bbox 437 4198 636 4271; x_wconf 85' lang='lat' dir='ltr'>Crux</span> <span class='ocrx_word' id='word_1_192' title='bbox 707 4196 908 4271; x_wconf 73' lang='lat' dir='ltr'>nova&#39;</span> <span class='ocrx_word' id='word_1_193' title='bbox 965 4220 1097 4295; x_wconf 90' lang='lat' dir='ltr'>pro</span> <span class='ocrx_word' id='word_1_194' title='bbox 1169 4197 1590 4271; x_wconf 91' lang='lat' dir='ltr'>deducendo</span> <span class='ocrx_word' id='word_1_195' title='bbox 1659 4198 1911 4270; x_wconf 89' lang='lat' dir='ltr'>funere</span> <span class='ocrx_word' id='word_1_196' title='bbox 1983 4204 2416 4271; x_wconf 87' lang='lat' dir='ltr'>mortuorum</span> <span class='ocrx_word' id='word_1_197' title='bbox 2486 4196 2969 4293; x_wconf 87' lang='lat' dir='ltr'>comparanda</span> <span class='ocrx_word' id='word_1_198' title='bbox 3024 4220 3113 4269; x_wconf 84' lang='lat' dir='ltr'>ex</span> 
     </span>
    </p>
   </div>
   <div class='ocr_carea' id='block_1_4' title="bbox 213 4322 3113 4536">
    <p class='ocr_par' dir='ltr' id='par_1_15' title="bbox 213 4322 3113 4536">
     <span class='ocr_line' id='line_1_29' title="bbox 213 4322 929 4422; baseline -0.003 -25"><span class='ocrx_word' id='word_1_199' title='bbox 213 4323 534 4422; x_wconf 83' lang='lat' dir='ltr'>pecunia</span> <span class='ocrx_word' id='word_1_200' title='bbox 585 4322 929 4395; x_wconf 85' lang='lat' dir='ltr'>fabricae.</span> 
     </span>
     <span class='ocr_line' id='line_1_30' title="bbox 434 4439 3113 4536; baseline -0.001 -20"><span class='ocrx_word' id='word_1_201' title='bbox 434 4444 643 4517; x_wconf 88' lang='lat' dir='ltr'>Thus</span> <span class='ocrx_word' id='word_1_202' title='bbox 713 4444 788 4516; x_wconf 89' lang='lat' dir='ltr'>in</span> <span class='ocrx_word' id='word_1_203' title='bbox 860 4444 1197 4519; x_wconf 89' lang='lat' dir='ltr'>mortario</span> <span class='ocrx_word' id='word_1_204' title='bbox 1267 4450 1695 4533; x_wconf 87' lang='lat' dir='ltr'>conteratur,</span> <span class='ocrx_word' id='word_1_205' title='bbox 1771 4450 1844 4515; x_wconf 91' lang='lat' dir='ltr'>et</span> <span class='ocrx_word' id='word_1_206' title='bbox 1914 4450 2287 4516; x_wconf 90' lang='lat' dir='ltr'>contusum</span> <span class='ocrx_word' id='word_1_207' title='bbox 2358 4442 2433 4515; x_wconf 92' lang='lat' dir='ltr'>in</span> <span class='ocrx_word' id='word_1_208' title='bbox 2501 4439 2927 4515; x_wconf 87' lang='lat' dir='ltr'>navicellam</span> <span class='ocrx_word' id='word_1_209' title='bbox 2985 4462 3113 4536; x_wconf 87' lang='lat' dir='ltr'>po-</span> 
     </span>
    </p>
   </div>
   <div class='ocr_carea' id='block_1_5' title="bbox 215 4578 3115 5273">
    <p class='ocr_par' dir='ltr' id='par_1_16' title="bbox 217 4578 458 4641">
     <span class='ocr_line' id='line_1_31' title="bbox 217 4578 458 4641; baseline -0.008 0"><span class='ocrx_word' id='word_1_210' title='bbox 217 4578 458 4641; x_wconf 85' lang='lat' dir='ltr'>natur.</span> 
     </span>
    </p>

    <p class='ocr_par' dir='ltr' id='par_1_17' title="bbox 215 4684 3115 4905">
     <span class='ocr_line' id='line_1_32' title="bbox 435 4684 3115 4777; baseline -0.001 -18"><span class='ocrx_word' id='word_1_211' title='bbox 435 4686 522 4759; x_wconf 90' lang='lat' dir='ltr'>In</span> <span class='ocrx_word' id='word_1_212' title='bbox 588 4684 1004 4760; x_wconf 81' lang='lat' dir='ltr'>SacrIstiam</span> <span class='ocrx_word' id='word_1_213' title='bbox 1077 4686 1441 4761; x_wconf 88' lang='lat' dir='ltr'>seculares</span> <span class='ocrx_word' id='word_1_214' title='bbox 1515 4686 1861 4777; x_wconf 87' lang='lat' dir='ltr'>homines,</span> <span class='ocrx_word' id='word_1_215' title='bbox 1937 4686 2326 4759; x_wconf 71' lang='lat' dir='ltr'>servitores</span> <span class='ocrx_word' id='word_1_216' title='bbox 2398 4692 2467 4757; x_wconf 90' lang='lat' dir='ltr'>et</span> <span class='ocrx_word' id='word_1_217' title='bbox 2538 4684 2893 4759; x_wconf 86' lang='lat' dir='ltr'>foeminae</span> <span class='ocrx_word' id='word_1_218' title='bbox 2970 4707 3115 4759; x_wconf 89' lang='lat' dir='ltr'>non</span> 
     </span>
     <span class='ocr_line' id='line_1_33' title="bbox 215 4806 2849 4905; baseline -0.002 -20"><span class='ocrx_word' id='word_1_219' title='bbox 215 4810 726 4899; x_wconf 82' lang='lat' dir='ltr'>admittantur3</span> <span class='ocrx_word' id='word_1_220' title='bbox 785 4808 1162 4905; x_wconf 88' lang='lat' dir='ltr'>Reliquiae</span> <span class='ocrx_word' id='word_1_221' title='bbox 1216 4810 1372 4883; x_wconf 90' lang='lat' dir='ltr'>sine</span> <span class='ocrx_word' id='word_1_222' title='bbox 1427 4810 1706 4883; x_wconf 86' lang='lat' dir='ltr'>duobus</span> <span class='ocrx_word' id='word_1_223' title='bbox 1761 4807 2115 4881; x_wconf 88' lang='lat' dir='ltr'>Praelatis</span> <span class='ocrx_word' id='word_1_224' title='bbox 2168 4830 2309 4880; x_wconf 90' lang='lat' dir='ltr'>non</span> <span class='ocrx_word' id='word_1_225' title='bbox 2366 4806 2849 4880; x_wconf 85' lang='lat' dir='ltr'>ostendantur.</span> 
     </span>
    </p>

    <p class='ocr_par' dir='ltr' id='par_1_18' title="bbox 221 4928 3107 5151">
     <span class='ocr_line' id='line_1_34' title="bbox 438 4928 3107 5026; baseline -0.001 -23"><span class='ocrx_word' id='word_1_226' title='bbox 438 4932 522 5003; x_wconf 91' lang='lat' dir='ltr'>In</span> <span class='ocrx_word' id='word_1_227' title='bbox 580 4932 922 5005; x_wconf 88' lang='lat' dir='ltr'>Sacristia</span> <span class='ocrx_word' id='word_1_228' title='bbox 978 4931 1071 5004; x_wconf 89' lang='lat' dir='ltr'>sit</span> <span class='ocrx_word' id='word_1_229' title='bbox 1124 4932 1387 5023; x_wconf 84' lang='lat' dir='ltr'>tabula,</span> <span class='ocrx_word' id='word_1_230' title='bbox 1443 4932 1516 5003; x_wconf 91' lang='lat' dir='ltr'>in</span> <span class='ocrx_word' id='word_1_231' title='bbox 1573 4953 1713 5026; x_wconf 90' lang='lat' dir='ltr'>qua</span> <span class='ocrx_word' id='word_1_232' title='bbox 1768 4930 2149 5021; x_wconf 89' lang='lat' dir='ltr'>orationes,</span> <span class='ocrx_word' id='word_1_233' title='bbox 2208 4952 2391 5024; x_wconf 88' lang='lat' dir='ltr'>quae</span> <span class='ocrx_word' id='word_1_234' title='bbox 2426 4928 2520 5003; x_wconf 89' lang='lat' dir='ltr'>ad</span> <span class='ocrx_word' id='word_1_235' title='bbox 2558 4936 2798 5002; x_wconf 87' lang='lat' dir='ltr'>vestes</span> <span class='ocrx_word' id='word_1_236' title='bbox 2834 4951 3107 5019; x_wconf 84' lang='lat' dir='ltr'>sacras,</span> 
     </span>
     <span class='ocr_line' id='line_1_35' title="bbox 221 5048 3010 5151; baseline -0.001 -25"><span class='ocrx_word' id='word_1_237' title='bbox 221 5052 516 5151; x_wconf 89' lang='lat' dir='ltr'>qnando</span> <span class='ocrx_word' id='word_1_238' title='bbox 571 5048 930 5125; x_wconf 87' lang='lat' dir='ltr'>Sacerdos</span> <span class='ocrx_word' id='word_1_239' title='bbox 984 5052 1072 5124; x_wconf 87' lang='lat' dir='ltr'>ad</span> <span class='ocrx_word' id='word_1_240' title='bbox 1131 5050 1379 5125; x_wconf 88' lang='lat' dir='ltr'>Altare</span> <span class='ocrx_word' id='word_1_241' title='bbox 1435 5076 1513 5125; x_wconf 89' lang='lat' dir='ltr'>se</span> <span class='ocrx_word' id='word_1_242' title='bbox 1569 5060 1971 5148; x_wconf 86' lang='lat' dir='ltr'>praeparat,</span> <span class='ocrx_word' id='word_1_243' title='bbox 2031 5050 2378 5125; x_wconf 86' lang='lat' dir='ltr'>dicendae</span> <span class='ocrx_word' id='word_1_244' title='bbox 2433 5060 2617 5141; x_wconf 89' lang='lat' dir='ltr'>sunt,</span> <span class='ocrx_word' id='word_1_245' title='bbox 2673 5050 3010 5125; x_wconf 87' lang='lat' dir='ltr'>habeant.</span> 
     </span>
    </p>

    <p class='ocr_par' dir='ltr' id='par_1_19' title="bbox 438 5172 3101 5273">
     <span class='ocr_line' id='line_1_36' title="bbox 438 5172 3101 5273; baseline -0.002 -26"><span class='ocrx_word' id='word_1_246' title='bbox 438 5175 618 5247; x_wconf 92' lang='lat' dir='ltr'>Item</span> <span class='ocrx_word' id='word_1_247' title='bbox 687 5174 829 5246; x_wconf 87' lang='lat' dir='ltr'>alia</span> <span class='ocrx_word' id='word_1_248' title='bbox 903 5174 1176 5267; x_wconf 85' lang='lat' dir='ltr'>tabula,</span> <span class='ocrx_word' id='word_1_249' title='bbox 1253 5176 1323 5247; x_wconf 89' lang='lat' dir='ltr'>in</span> <span class='ocrx_word' id='word_1_250' title='bbox 1404 5196 1544 5273; x_wconf 90' lang='lat' dir='ltr'>qua</span> <span class='ocrx_word' id='word_1_251' title='bbox 1615 5175 1757 5250; x_wconf 82' lang='lat' dir='ltr'>sint</span> <span class='ocrx_word' id='word_1_252' title='bbox 1811 5173 2175 5249; x_wconf 86' lang='lat' dir='ltr'>orationes</span> <span class='ocrx_word' id='word_1_253' title='bbox 2239 5182 2404 5249; x_wconf 87' lang='lat' dir='ltr'>ante</span> <span class='ocrx_word' id='word_1_254' title='bbox 2459 5172 2757 5249; x_wconf 88' lang='lat' dir='ltr'>Missam</span> <span class='ocrx_word' id='word_1_255' title='bbox 2810 5182 2881 5245; x_wconf 92' lang='lat' dir='ltr'>et</span> <span class='ocrx_word' id='word_1_256' title='bbox 2936 5179 3101 5269; x_wconf 89' lang='lat' dir='ltr'>post</span> 
     </span>
    </p>
   </div>
   <div class='ocr_carea' id='block_1_6' title="bbox 219 5295 957 5373">
    <p class='ocr_par' dir='ltr' id='par_1_20' title="bbox 219 5295 957 5373">
     <span class='ocr_line' id='line_1_37' title="bbox 219 5295 957 5373; baseline -0.003 0"><span class='ocrx_word' id='word_1_257' title='bbox 219 5298 535 5373; x_wconf 83' lang='lat' dir='ltr'>Missam</span> <span class='ocrx_word' id='word_1_258' title='bbox 591 5295 957 5371; x_wconf 87' lang='lat' dir='ltr'>dicendae.</span> 
     </span>
    </p>
   </div>
  </div>
 </body>
</html>
