4055 6364
2125 730 2637 807 -44-

935 937 1248 1015 iusmodi
1299 940 1604 1016 termino
1675 940 2051 1039 possessio
2103 941 2324 1016 villae
2393 941 2807 1018 huiusmodi
2878 949 3216 1041 tanquam
3288 941 3713 1042 dissipator-i
3776 947 3851 1015 et

937 1061 1224 1156 ingrato
1294 1085 1428 1160 per
1498 1059 1913 1163 Capitulum
1993 1070 2118 1138 aut
2195 1085 2330 1161 per
2398 1063 2759 1139 Dominus
2827 1072 2999 1140 tunc
3068 1064 3477 1140 residentes
3554 1065 3849 1139 omnine

937 1183 1304 1262 auferatur
1354 1191 1428 1259 et
1452 1265 1458 1272 ,
1479 1185 1691 1288 alteri
1744 1184 2182 1261 concedatur
2234 1187 2358 1283 qui
2406 1185 2486 1260 id
2539 1187 2717 1262 velit
2770 1193 2841 1260 et
2890 1187 3126 1284 possit
3188 1210 3349 1261 cum
3404 1187 3663 1261 effectu
3683 1265 3693 1272 ,
3714 1182 3847 1260 ad-

937 1304 1268 1404 implere.

2277 1515 2507 1617 LVI.

1152 1722 1256 1804 ne
1312 1723 1854 1808 constitutione
1911 1723 2443 1807 Procurator-is
2498 1723 2593 1807 ob
2648 1722 3073 1807 absentiam
3130 1723 3647 1806 Praelatorum

2045 1845 2749 1948 canonicorumque.

1147 2055 1543 2154 Frequenti
1623 2057 1956 2133 absentia
2036 2065 2109 2133 et
2178 2057 2509 2135 discessu
2587 2057 3085 2133 Praelatorum
3162 2065 3236 2132 ct
3315 2055 3849 2132 Canonicorum

942 2176 1535 2256 cracoviensium
1589 2181 1665 2255 in
1717 2181 1884 2256 loca
1954 2188 2230 2256 remota
2300 2182 2651 2257 habentes
2723 2202 2855 2278 pro
2930 2186 3297 2277 comperto
3348 2177 3591 2255 Villas
3644 2179 3847 2276 capi·

940 2301 1212 2377 tulares
1265 2302 1564 2398 negligi,
1622 2302 1951 2401 opprimi,
2007 2311 2081 2379 et
2133 2305 2207 2378 in
2264 2304 2417 2379 suis
2470 2303 2817 2378 limitibus
2885 2301 3197 2376 mutilari
3218 2359 3236 2396 ,
3294 2301 3714 2395 statuimus3
3770 2307 3855 2376 ut

943 2424 1109 2499 dum
1167 2433 1371 2500 extra
1425 2425 1814 2501 dioecesim
1867 2426 2213 2502 recedere
2266 2427 2386 2502 vel
2440 2425 2879 2501 domicilium
2951 2409 3173 2519 agere
3227 2423 3541 2520 aliquem
3592 2421 3849 2497 Domi-

942 2568 1195 2622 norum
1247 2546 1746 2623 Praelatorum
1800 2556 1924 2624 aut
1976 2547 2504 2624 Canonicorum
2560 2547 2965 2643 contigerit,
3025 2553 3287 2621 extunc
3330 2545 3579 2620 villam
3626 2544 3852 2619 alicui

941 2667 1186 2764 Fratri
1240 2669 1656 2766 committat,
1713 2695 1802 2746 ac
1837 2671 2146 2769 ipsemet
2196 2679 2735 2770 procuratorem
2786 2669 2861 2743 in
2902 2666 3153 2744 eadem
3205 2668 3385 2742 villa
3438 2668 3849 2742 constituat.

946 2789 1095 2880 Qui
1146 2798 1384 2867 tamen
1440 2799 1864 2890 procurator
1915 2801 2213 2891 propter
2264 2794 2529 2868 multas
2582 2815 2843 2867 causas
2892 2789 3161 2866 ibidem
3227 2797 3681 2884 emergentes
3732 2812 3849 2862 re-

943 2922 1269 3010 spectum
1323 2913 1416 2988 ad
1471 2912 1957 3009 confratrem,
2034 2915 2151 2991 cui
2203 2916 2380 2992 villa
2454 2914 2840 2990 commissa
2894 2921 3047 3008 est,
3118 2911 3453 3008 habebit,
3528 2918 3601 2985 et
3651 2912 3854 2985 velut

944 3034 1233 3110 domino
1287 3059 1420 3112 suo
1473 3037 1858 3137 principali
1913 3037 2211 3113 obedire
2263 3038 2644 3112 tenebitur.

2261 3350 2535 3452 LVII.

952 3555 1058 3637 ne
1115 3576 1257 3639 non
1314 3554 1674 3640 donandis
1742 3556 2178 3656 arboribus,
2246 3556 2589 3659 vii-uultis
2654 3577 2749 3639 ex
2814 3557 3024 3641 silvis
3092 3556 3853 3658 praestimonialibus.

1153 3766 1736 3843 Destructionem
1811 3764 2217 3863 Silvarum,
2290 3764 2668 3866 Gayorum
2724 3775 2795 3843 et
2845 3766 3341 3865 Virgultorum
3360 3825 3380 3860 ‚
3437 3791 3651 3864 quam
3704 3768 3855 3842 fre-

949 3888 1284 3985 quentius
1335 3889 1410 3963 in
1465 3889 1662 3965 villis
1716 3890 1984 3965 nostris
2038 3890 2519 3964 intervenisse
2574 3889 3092 3987 comperimus,
3146 3890 3545 3966 restricturi
3600 3892 3855 3966 statui·

948 4032 1127 4103 mus,
1185 4011 1374 4107 quod
1425 4010 1664 4087 nullus
1720 4009 2245 4086 Canonicorum
2301 4011 2565 4086 habeat
2616 4020 3045 4109 potestatem
3098 4012 3337 4087 facere
3393 4011 3855 4088 donationem

945 4131 1302 4226 lignorum
1357 4140 1430 4207 et
1478 4132 1949 4229 virgultorum
2007 4131 2099 4206 de
2152 4132 2363 4207 silvis
2434 4132 2768 4207 villarum
2824 4132 3182 4231 Capituli,
3256 4132 3586 4233 dempto,
3656 4134 3857 4231 quod

948 4250 1192 4326 Fratri
1242 4260 1487 4351 potest
1539 4254 1810 4330 donare
1865 4277 1999 4352 pro
2053 4255 2535 4330 reformandis
2589 4255 2887 4353 sepibus
2940 4255 3061 4330 vel
3114 4254 3489 4349 aedificiis,
3545 4258 3668 4331 vel
3718 4256 3857 4331 ali-

950 4374 1068 4448 cui
1119 4374 1358 4449 vicino
1411 4376 1652 4471 villae,
1709 4400 1853 4453 non
1911 4386 2147 4451 tamen
2199 4378 2270 4451 in
2323 4400 2585 4471 magna
2639 4378 3037 4472 quantitate
3090 4375 3224 4453 sed
3275 4377 3645 4454 moderate
3696 4400 3857 4453 mo-

951 4493 1117 4571 dum
1171 4496 1266 4571 ad
1318 4498 1731 4575 facultatem
1786 4499 2188 4575 referendo.

2241 4812 2561 4916 LV111.

1953 5018 2059 5101 De
2112 5020 2503 5147 taxatione
2558 5018 2848 5103 demus.

1159 5228 1276 5303 Ne
1330 5228 1584 5305 domos
1655 5229 2095 5329 capitulares
2149 5230 2450 5327 negligi,
2508 5238 2582 5306 et
2631 5230 3151 5308 Anniversario
3204 5229 3541 5305 Fratrum
3594 5231 3861 5308 defun-

953 5358 1229 5427 ctorum
1282 5351 1521 5449 perire
1573 5352 1966 5449 contingat,
2023 5355 2424 5449 statuimus,
2482 5362 2560 5430 ut
2605 5355 3170 5453 quotiescunque
3206 5352 3523 5450 aliquam
3558 5352 3861 5433 domum
