4055 6364
2146 783 2714 861 —296-

951 991 1162 1064 fuerit,
1213 992 1477 1057 liberum
1528 992 1647 1057 erit
1692 990 2003 1056 Confratri
2053 990 2522 1067 contradicenti,
2576 989 2934 1074 Capitulum
2984 1010 3053 1055 eo
3097 992 3354 1057 'nomine
3399 993 3460 1056 in
3499 992 3633 1057 foro
3681 1011 3856 1055 com-

955 1096 1193 1177 petenti
1244 1098 1593 1160 convenire.

1161 1301 1264 1367 De
1310 1302 1507 1367 litis
1570 1304 1973 1384 expensis
2039 1302 2358 1368 nemini
2425 1302 2993 1367 dimittendis
3049 1302 3313 1384 (Statut.
3357 1300 3666 1385 CLXIV).
3713 1302 3858 1365 Hoc

954 1406 1271 1471 Statutum
1343 1405 1558 1469 stricte
1604 1405 1861 1489 obligat,
1928 1408 2001 1471 ut
2063 1406 2220 1471 nulli
2279 1406 2413 1471 iure
2464 1406 2627 1470 victo
2691 1406 2864 1472 lucra
2925 1408 3111 1489 atque
3161 1407 3445 1489 perlucra
3513 1406 3580 1469 in
3635 1405 3860 1488 quavis

954 1510 1083 1573 sive
1152 1527 1419 1591 magna,
1511 1508 1640 1573 sive
1723 1528 1910 1591 parva
1974 1527 2165 1573 causa
2247 1510 2662 1588 remittantur,
2749 1509 2869 1573 nisi
2934 1510 3122 1575 salvis
3199 1510 3488 1575 omnibus
3571 1508 3859 1573 eiusdem

954 1630 1178 1675 causae
1224 1612 1353 1674 litis
1404 1612 1712 1693 expensis,
1766 1612 1829 1676 et
1874 1612 1991 1676 hoc
2036 1631 2163 1677 non
2211 1612 2329 1679 nisi
2377 1613 2440 1676 in
2487 1612 2762 1695 generali
2809 1611 3124 1696 Cupitum,
3171 1614 3360 1696 idque
3407 1612 3654 1677 nemine
3703 1631 3856 1676 con·

954 1714 1350 1793 tradicente3
1400 1716 1553 1779 alias
1597 1714 1941 1781 liberalitas
1988 1716 2155 1795 talis,
2208 1718 2260 1781 si
2306 1717 2404 1781 vel
2449 1733 2612 1780 unus
2668 1716 2764 1781 illi
2809 1718 3212 1795 contradicat,
3278 1718 3416 1799 ipso
3463 1716 3630 1781 facto
3681 1715 3858 1781 nulls

952 1819 1017 1882 et
1061 1818 1235 1882 irrita
1282 1819 1653 1885 declaratur.

1160 2024 1261 2090 De
1336 2026 1941 2091 asservatione
2021 2026 2637 2111 Reliquiarum
2711 2029 2785 2093 et
2867 2046 3133 2092 rerum
3213 2027 3853 2107 pretiosiorum

951 2128 1443 2194 Sacristiae
1516 2126 1775 2212 (statut.
1830 2127 2134 2213 CLXVI).
2205 2130 2298 2195 Ex
2344 2132 2441 2196 his
2487 2150 2784 2213 praesens
2831 2130 3145 2196 Statutum
3194 2150 3290 2195 res
3335 2130 3734 2207 minutiores,
3787 2132 3854 2195 et

951 2250 1209 2314 quarum
1277 2230 1565 2314 frequens
1631 2232 1715 2297 sit
1759 2252 1911 2297 usus
1974 2234 2042 2300 in
2088 2234 2376 2315 ecclesia,
2444 2235 2796 2317 conscripto
2845 2232 3008 2299 enim
3053 2234 3430 2307 Inventario.
3505 2233 3858 2299 committit

952 2335 1431 2400 Vicecustodum
1500 2336 1845 2417 custodiae,
1912 2337 1989 2401 de
2038 2337 2264 2420 quibus
2327 2339 2506 2405 iuxta
2549 2339 2864 2405 Statutum
2911 2338 3248 2421 quotannis
3312 2338 3578 2403 reddere
3623 2337 3858 2402 debent

949 2439 1253 2505 rationem
1307 2435 1809 2505 calculatoribus
1858 2438 2158 2523 Capituli,
2209 2442 2272 2506 in
2321 2443 2598 2528 generali
2649 2440 2943 2525 Capitulo
2995 2462 3203 2507 mense
3249 2442 3622 2525 Septembri.
3701 2444 3851 2507 Pre-

948 2541 1208 2606 tiosiora
1255 2543 1463 2606 autem
1510 2541 1573 2606 in
1620 2542 1756 2608 loco
1806 2543 2015 2625 aliquo
2067 2546 2404 2622 secretiori,
2456 2544 2694 2611 Seniori
2745 2546 3053 2624 Praelato,
3123 2546 3517 2611 Procuratori
3568 2543 3848 2627 Capituli

950 2646 1016 2710 et
1064 2642 1605 2711 Reverendissimo
1656 2646 1935 2722 Custodi,
1985 2666 2058 2712 ac
2103 2649 2210 2713 uni
2257 2648 2334 2714 de
2373 2648 2888 2715 Vicecustodibus
2939 2654 3108 2727 noto,
3157 2650 3273 2713 sub
3317 2649 3520 2713 tribus
3569 2648 3849 2714 clavibus

948 2748 1335 2815 observanda
1380 2748 1649 2815 ordinat.

1152 2974 1255 3041 De
1302 2976 1904 3041 asservatione
1967 2977 2442 3055 librorum,
2491 2976 3168 3061 privilegiorum
3215 2980 3289 3041 et
3335 2976 3846 3059 quorumvis

946 3079 1663 3144 munimentorum
1752 3076 2147 3161 Capituli
2241 3080 2496 3165 (Statut.
2545 3080 2908 3165 CLXVIII).
2987 3080 3125 3144 Hoc
3187 3079 3508 3145 Statutum
3573 3080 3844 3157 ordinat,

948 3188 1017 3248 ut
1060 3184 1318 3266 praefati
1365 3182 1531 3262 libri,
1582 3182 1908 3268 privilegia
1954 3188 2018 3250 et
2063 3184 2452 3250 munimenta
2495 3204 2608 3267 per
2651 3185 3040 3266 deputandos
3087 3204 3122 3248 a
3170 3180 3462 3268 Capitulo
3511 3184 3656 3248 huic
3703 3202 3844 3247 mu-

945 3287 1079 3351 neri
1125 3306 1330 3370 pares,
1401 3289 1850 3369 regestrentur,
1900 3306 1973 3353 ac
2018 3307 2132 3370 per
2177 3289 2412 3354 classes
2459 3289 2524 3354 et
2567 3288 2816 3353 ladulas
2864 3288 3293 3371 disponantur,
3361 3286 3698 3369 taliterque
3743 3304 3842 3350 re·

944 3391 1225 3472 gestrata
1272 3391 1335 3454 et
1380 3389 1708 3472 disposita,
1758 3390 1822 3453 in
1869 3409 1943 3455 eo
1987 3392 2127 3456 loco
2175 3391 2283 3457 ubi
2327 3411 2491 3457 nunc
2537 3393 2704 3470 sunt,
2754 3391 3152 3457 asserventur
3197 3391 3312 3456 sub
3358 3391 3602 3455 duabus
3649 3389 3843 3454 clavi·

945 3492 1083 3572 bus,
1152 3511 1413 3575 quarum
1484 3512 1607 3558 una
1668 3493 1753 3557 sit
1812 3512 2007 3576 penes
2080 3495 2434 3560 Praelatum
2503 3495 2602 3558 vel
2667 3492 3084 3573 Canonicum,
3161 3513 3274 3576 per
3336 3491 3841 3558 Illustrissimum

942 3596 1093 3660 Loci
1133 3593 1529 3660 Ordinarium
1568 3597 1632 3660 et
1668 3592 2035 3678 Capitulum
2071 3599 2150 3664 ad
2176 3591 2244 3665 id
2281 3599 2671 3682 deputatum,
2712 3598 2910 3664 altera
2947 3617 3140 3682 penes
3175 3597 3504 3663 Notarium
3544 3593 3839 3678 Capituli.

1152 3839 1254 3905 De
1336 3841 1589 3906 sacris
1672 3841 2017 3906 vestibus
2092 3840 2686 3925 pontificalibus
2763 3839 3354 3905 Illustrissimis
3431 3837 3836 3920 Episcopis

944 3943 1153 4006 extra
1206 3943 1629 4008 Ecclesiam
1676 3941 2269 4010 Cracoviensem
2329 3942 2866 4010 Cathedralem
2911 3963 3059 4008 uon
3105 3941 3614 4007 concedendis
3661 3940 3830 4024 (Sta-

942 4047 1059 4110 tut.
1113 4043 1389 4130 CLXX).
1464 4046 1652 4112 Tales
1718 4065 1927 4112 sacras
1990 4049 2231 4127 vestes,
2299 4047 2352 4110 si
2416 4047 2663 4130 quando
2727 4047 3054 4129 contingat
3131 4051 3302 4112 extra
3381 4044 3832 4110 Illustrissimis

940 4148 1268 4230 Episcopis
1315 4150 1821 4232 commodandas‚
1888 4154 2067 4217 cavet
2111 4169 2408 4234 praesens
2455 4151 2794 4229 Statutum,
2866 4169 2940 4216 ne
2986 4151 3461 4215 commodentur
3507 4133 3640 4214 sine
3685 4166 3830 4213 cau-

942 4251 1111 4316 tione
1156 4251 1551 4318 fideiussoria
1597 4254 1861 4320 duorum
1914 4255 2339 4322 Praelatorum
2386 4257 2448 4320 in
2497 4257 2726 4338 scripto
2775 4254 2998 4320 danda.

1145 4493 1252 4559 De
1315 4513 1459 4559 non
1513 4496 1975 4562 arendandis
2039 4497 2382 4562 domibus
2447 4499 3065 4576 canonicalibus,
3137 4504 3211 4563 et
3265 4516 3407 4563 non
3480 4495 3822 4562 locandis

938 4596 1015 4660 in
1080 4598 1190 4662 eis
1255 4595 1690 4681 hospitibus
1768 4599 2306 4666 saecularibus
2395 4601 2652 4686 (Statut.
2719 4600 3088 4685 CLXXIX).
3184 4601 3350 4666 Huic
3413 4601 3662 4666 Statuto
3721 4599 3822 4680 qui

940 4701 1413 4780 contravenerit,
1464 4703 1817 4769 decernitur
1860 4705 2212 4786 puniendus
2258 4723 2458 4787 poena
2527 4707 2743 4771 eontra
2785 4707 3184 4772 arendatores
3227 4704 3518 4770 villarum
3565 4703 3819 4786 praesti-

938 4802 1309 4869 monialium
1353 4806 1777 4871 saecularibus
1822 4808 2134 4890 personis,
2199 4808 2496 4873 nimirum
2549 4809 2893 4892 privatione
2947 4809 3158 4875 taliter
3201 4808 3534 4874 arendatae
3581 4807 3814 4872 domus.

1145 5029 1248 5095 De
1318 5029 1665 5095 Decretis
1730 5032 1995 5096 contra
2071 5031 2432 5098 absentes
2513 5051 2665 5098 non
2728 5033 3068 5098 ferendis
3157 5033 3421 5116 (Statut.
3487 5029 3818 5112 CLXXX).

937 5131 1117 5196 Talia
1164 5133 1429 5198 Decreta
1476 5134 1527 5197 si
1575 5135 1821 5215 quando
1869 5135 1999 5199 lata
2043 5135 2276 5201 fuerint
2320 5135 2384 5200 in
2429 5137 2640 5218 aliquo
2689 5135 3008 5220 Capitulo,
3064 5137 3385 5202 Praelatus
3433 5137 3634 5201 eidem
3679 5140 3820 5199 tunc

936 5235 1295 5317 praesidens
1342 5238 1692 5302 decernitur
1736 5238 2086 5318 puniendus
2131 5239 2478 5321 privatione
2524 5241 2934 5306 refectionum
2977 5259 3087 5323 per
3131 5259 3323 5305 uuum
3372 5259 3672 5306 mensem.
