4055 6364
1477 740 1839 818 -1163
1949 783 2047 798 -

1650 1002 1894 1104 CXC.

313 1215 532 1296 Duae
588 1212 1130 1295 Advitaiitates
1170 1214 1236 1294 in
1280 1212 1533 1294 liberis
1593 1211 2138 1310 donationibus,
2197 1229 2339 1293 non
2394 1210 2650 1310 piures
2709 1207 3226 1307 admittantur,

310 1338 411 1419 et
462 1338 529 1417 in
569 1337 902 1436 aenei-aii
957 1334 1291 1435 capitulo
1343 1337 1616 1416 literae
1671 1334 2030 1418 eiusmodi
2082 1333 2499 1433 sigillentur
2548 1333 2632 1413 et
2676 1330 3229 1414 confirmentur.

1033 1458 1239 1539 Anno
1297 1455 1514 1538 1603.
1585 1456 1714 1537 Die
1767 1457 1968 1538 lovis
2025 1454 2075 1537 6
2134 1455 2537 1536 Februarii.

530 1667 924 1766 Cupientes
994 1668 1548 1743 alienationibus
1621 1669 1967 1741 bonorum
2043 1665 2737 1758 ecclesiasticorum,
2815 1687 2999 1759 quae
3068 1665 3225 1738 iure

314 1793 678 1865 communi
743 1799 814 1865 et
865 1790 1154 1884 legibus
1229 1796 1442 1886 atque
1497 1786 1798 1863 Statutis
1867 1787 2250 1862 Ecclesiae
2320 1786 2533 1861 huius
2606 1792 2771 1861 sunt
2843 1784 3225 1882 prohibita,

311 1912 704 1987 salubriter
758 1935 1180 2006 occurrere,
1253 1910 1667 1987 Reverendi
1720 1910 2014 1984 Domini
2067 1909 2389 1983 Praelati
2442 1915 2515 1983 et
2566 1905 2917 1983 Canonici
2976 1931 3225 2006 supra-

319 2035 580 2131 scripti
647 2036 720 2109 in
794 2036 933 2110 hoc
1002 2035 1332 2129 generali
1403 2032 1740 2132 Capitulo
1814 2032 2239 2127 congregati
2311 2029 2791 2106 concordibus
2864 2031 3231 2126 suffragiis

311 2164 719 2232 statuerunt
773 2166 844 2231 et
895 2157 1196 2232 firmiter
1269 2155 1797 2232 observandum
1871 2154 2385 2230 decreverunt:
2442 2161 2518 2228 ut
2570 2152 2769 2226 nulla
2840 2150 3099 2227 amodo
3155 2159 3227 2225 et

313 2278 667 2376 deinceps
735 2279 1130 2374 Privilegia
1183 2301 1310 2353 seu
1364 2278 1618 2352 literae
1674 2300 1806 2374 per
1857 2276 2303 2373 Episcopum
2377 2273 2936 2350 Cracoviensem
3012 2295 3233 2371 super

315 2401 810 2495 Advocatias,
888 2397 1316 2494 Scultetias,
1400 2399 1822 2492 Tabernas,
1879 2397 2127 2493 Agros
2180 2407 2252 2472 et
2302 2398 2450 2472 alia
2504 2419 2971 2494 quaecunque
3035 2397 3229 2470 bona

313 2522 626 2598 Mensae
681 2516 1142 2620 episcopalis,
1200 2523 1744 2617 quibuscunque
1798 2520 2136 2618 personis
2190 2519 2285 2593 ad
2338 2520 2605 2616 plures,
2664 2541 2877 2615 quam
2914 2518 3008 2593 ad
3046 2519 3228 2593 duas

307 2645 828 2720 Advitalitates
883 2667 1235 2719 concessa
1307 2666 1436 2717 seu
1492 2666 1922 2738 concessae,
1991 2666 2123 2738 per
2173 2641 2613 2720 Venerabile
2684 2638 3095 2738 Capitulum
3148 2641 3227 2714 in
3277 2704 3285 2710 .

310 2765 675 2863 Capitulis
721 2766 1186 2860 generalibus
1237 2763 1719 2856 admittantur,
1775 2764 2321 2840 subscribantur
2368 2771 2441 2837 et
2488 2785 2620 2838 suo
2666 2762 2920 2838 maiori
2964 2759 3227 2856 sigillo

309 2888 388 2961 in
449 2889 606 2962 vim·
645 2911 1044 2963 consensus
1100 2887 1518 2984 capitularis
1575 2886 2004 2980 sigillentur.

1622 3213 1914 3317 CXCL

311 3427 744 3509 neclan-atio
798 3424 1089 3509 statuti
1146 3425 1238 3507 de
1295 3426 1659 3514 σαι-,8111118
1713 3425 2061 3525 tempore
2111 3422 2670 3505 Vindemiarum.
2736 3421 2944 3505 Anno
3004 3420 3219 3504 1603.

1311 3547 1440 3629 Die
1493 3547 1694 3630 lovis
1749 3546 1798 3627 9
1858 3544 2231 3628 octobris.

501 3757 706 3833 -Cum
769 3758 860 3833 de
929 3758 1267 3833 carentiis
1341 3732 1928 3831 Reverendorum
1999 3755 2473 3830 Dominorum
2544 3761 2868 3850 tempore
2938 3750 3216 3827 Vinde-

307 3882 612 3956 miarum
667 3882 759 3955 ad
817 3880 1154 3978 Capitula
1210 3879 1607 3972 ordinaria,
1684 3878 1777 3953 ad
1831 3877 2259 3953 Dominicas
2312 3884 2385 3950 et
2434 3876 2660 3950 Festa
2720 3874 2817 3948 ad
2868 3874 3213 3973 populum

307 4004 630 4078 celebria
681 4004 930 4077 venire
990 4003 1384 4097 negligenti
1396 4026 1530 4097 um,
1586 4002 1663 4075 in
1717 4000 2086 4098 praesenti
2138 3996 2477 4095 Capitulo
2528 3996 2857 4091 generali
2910 3995 3212 4069 ventila-

306 4134 528 4217 retur,
583 4124 996 4200 Reverendi
1031 4126 1347 4217 Domini,
1387 4132 1663 4198 matura
1717 4121 2137 4220 praehabita
2178 4119 2716 4211 deliberatione,
2771 4142 2865 4193 ex
2917 4117 3211 4215 plurali·

301 4256 456 4321 tate
493 4249 995 4342 suffragiorum
1051 4246 1642 4322 cousuetudinem
1689 4266 1908 4339 super
1942 4243 2059 4317 1118
2094 4242 2445 4316 hactenus
2499 4241 2973 4333 observatam,
3027 4239 3209 4313 inni-

305 4368 530 4444 tendo
583 4366 884 4445 Statutis
919 4370 1252 4465 antiquis,
1310 4368 1412 4441 ita
1458 4364 1967 4441 declarandum
2006 4372 2086 4439 et·
2114 4362 2624 4438 moderandum
2681 4363 3071 4437 duxerunt:
3135 4368 3213 4436 ut

307 4493 654 4567 videlicet
723 4493 1286 4589 quotiescunque
1362 4490 1626 4587 aliquis
1678 4486 2265 4562 Reverendorum
2341 4486 2811 4560 Dominorum
2885 4506 3017 4582 pro
3093 4483 3209 4587 die

307 4615 696 4691 Dominico
753 4623 825 4689 et
875 4615 1122 4689 Festis
1186 4615 1277 4688 ad
1334 4611 1692 4711 populum,
1749 4610 2197 4700 celebribuS,
2272 4616 2417 4681 tum
2490 4630 2666 4682 vero
2720 4607 2813 4681 ad
2869 4602 3209 4703 Capitula

309 4736 675 4811 ordinaria
741 4736 834 4811 ad
899 4736 1306 4811 Eeclcsiam
1378 4732 1862 4809 cathedralem
1935 4731 2178 4805 venire
2250 4730 2687 4826 neglexerit,
2764 4731 2937 4803 tunc
3009 4728 3207 4802 illius

307 4859 800 4933 tantummodo
873 4858 1054 4952 (liei,
1129 4882 1272 4955 qua
1345 4880 1424 4932 se
1490 4854 2020 4948 absentaverit,
2098 4851 2720 4928 distributionibus
2776 4859 2845 4924 et
2896 4850 3207 4949 panibus

307 4980 583 5078 privari
635 4982 932 5079 debeat3
1006 4981 1267 5077 quodsi
1321 4980 1482 5076 quis
1534 5004 1579 5053 a
1634 4979 1916 5053 duobus
1970 4975 2329 5074 Capitulis
2393 4974 2986 5072 septimanalibus
3040 4996 3205 5047 sese

303 5102 719 5178 immediate
789 5104 1252 5199 sequentibus
1305 5110 1571 5177 temere
1625 5100 1973 5194 abfuerit,
2048 5100 2259 5175 11111118
2309 5096 2807 5174 hebdomadae
2876 5095 3203 5191 integrae

309 5224 930 5301 distributionibus
992 5231 1065 5299 et
1117 5224 1424 5322 panibus
1495 5223 1782 5298 omnino
1855 5230 2135 5318 careat3
2211 5222 2539 5297 nolumus
2612 5220 2799 5294 enim
2872 5219 3199 5315 cuiquam

305 5347 498 5423 hanc
565 5348 1084 5443 indulgentiam
1158 5356 1476 5422 nostram
1549 5346 1931 5440 suffragari
1999 5344 2095 5419 ad
2166 5343 2747 5438 discurrendum,
2822 5347 2894 5415 et
2958 5339 3202 5415 divina
