4055 6364
1394 752 1754 829 -267
1868 798 1959 813 -

388 956 506 1033 11.
562 958 647 1033 In
674 956 1050 1035 Altaribus
1098 967 1172 1034 ct
1205 958 1553 1058 Capellis,
1612 986 1796 1058 quae
1834 985 1875 1035 c
1908 961 2208 1056 regionc
2251 960 2474 1036 Chori
2504 960 2927 1050 consistunt,
2985 961 3121 1036 sub

211 1088 507 1179 tempus
582 1103 903 1155 summae
974 1080 1250 1155 Missae
1322 1090 1395 1156 et
1466 1080 1913 1158 Concionum
1966 1108 2011 1157 a
2065 1105 2424 1180 quoquam
2496 1104 2641 1156 non
2717 1081 3120 1157 celebretur

214 1201 359 1277 sub
412 1224 651 1297 poena
702 1201 916 1276 unius
969 1224 1256 1276 marcae
1310 1226 1443 1300 pro
1498 1202 1985 1302 comparanda
2037 1226 2208 1277 cera
2262 1202 2695 1298 erogandae.

384 1318 511 1397 12.
565 1321 853 1397 Famuli
906 1321 1402 1398 Praelatorum
1462 1333 1533 1398 ct
1590 1322 2118 1400 Canonicornm
2172 1324 2441 1399 calices
2495 1346 2628 1422 pro
2683 1324 3123 1400 celebranda

210 1443 455 1517 Missa
508 1466 549 1516 e
602 1441 952 1519 Sacristia
1005 1443 1100 1517 ad
1154 1444 1408 1521 Altare
1462 1469 1607 1521 non
1662 1446 2013 1540 deferant,
2089 1445 2223 1521 sed
2274 1444 2350 1520 id
2405 1444 2874 1520 ministerium
2953 1443 3120 1519 Cle-

210 1564 357 1639 rici
410 1572 875 1663 exequantur.

384 1682 504 1759 13.
558 1684 899 1761 Ecclesia
952 1683 1027 1761 S.
1085 1682 1395 1781 Georgii
1450 1687 1618 1783 quia
1670 1711 1715 1761 a
1751 1688 1973 1762 multo
2027 1695 2349 1785 tempore
2399 1687 2475 1760 in
2530 1684 2794 1761 divinis
2856 1685 3120 1761 officiis

209 1804 633 1901 negligitur,
710 1804 1121 1904 Capitulum
1191 1815 1427 1883 autem
1493 1808 1726 1883 fertur
1792 1807 2066 1882 habere
2119 1809 2529 1883 censualem
2583 1830 2717 1905 pro
2769 1806 3120 1881 ministris

210 1926 379 2002 eins
429 1926 811 2002 Ecclesiae
864 1929 1281 2024 pecuniam:
1341 1927 1435 2003 de
1487 1950 1575 2003 eo
1612 1950 1835 2003 censu
1888 1950 2024 2003 nos
2076 1928 2432 2023 informet,
2488 1935 2566 2003 ut
2599 1928 2952 2002 rationem
2988 1928 3117 2002 ob-

207 2045 467 2122 viandi
518 2049 986 2143 negligentiis
1040 2048 1412 2125 commode
1468 2049 1653 2123 inire
1705 2049 2092 2147 possimus.

430 2167 634 2257 Quas
696 2170 985 2265 quidem
1057 2170 1547 2246 ordinationes
1600 2179 1887 2245 nostras
1938 2170 2013 2245 in
2066 2170 2282 2245 fidem
2337 2168 2851 2244 evidentiorem
2903 2191 3120 2243 manu

208 2295 470 2363 nostra
522 2291 993 2389 subscriptas,
1050 2289 1313 2386 Sigillo
1367 2298 1614 2366 nostro
1668 2292 1945 2387 signari
1997 2291 2322 2367 fecimus.
2365 2293 2632 2367 Datum
2686 2287 3110 2381 Cracoviae,

210 2409 337 2484 die
390 2409 583 2485 XIV
633 2410 913 2510 Aprilis
964 2410 1358 2487 MDCXII.

2184 2514 2443 2589 Petrus

1704 2744 1709 2749 Δ
1796 2635 2211 2734 Episcopus
2264 2633 2796 2710 cracoviensis.

2688 5428 2776 5494 33
