4055 6364
1379 769 1899 848 —41—

1531 1031 1760 1134 Lm.
1884 987 1892 994 ’

259 1238 370 1321 ne
423 1237 622 1323 vinis
677 1238 1407 1342 praestimonianhus
1461 1239 1783 1342 quantor
1837 1241 1905 1323 in
1961 1240 2101 1324 inis
2156 1238 2431 1343 frunes
2486 1241 2573 1322 et
2625 1240 3005 1325 atramina

569 1361 864 1463 aliaque
920 1361 1376 1446 necessaria
1429 1381 1565 1465 pro
1619 1361 2099 1448 successore
2154 1363 2689 1465 relinquantur.

395 1588 578 1665 Cum
650 1588 745 1664 de
793 1588 996 1665 Villa
1049 1589 1650 1688 praestimoniali,
1727 1598 1801 1666 et
1873 1590 1965 1665 de
2017 1591 2373 1666 fructibus
2446 1598 2519 1668 et
2587 1591 2801 1669 bonis
2870 1592 2947 1668 in
3001 1617 3091 1670 ea

180 1718 352 1809 post
403 1717 702 1786 mortem
757 1709 1132 1786 Tenutarii
1186 1710 1508 1786 eiusdem
1561 1711 1974 1788 recollectis
2026 1721 2101 1788 et
2155 1712 2561 1810 derelictis,
2637 1711 2920 1794 Statuta
2972 1737 3084 1791 re-

179 1834 556 1931 periuntur
625 1833 1025 1930 contraria,
1098 1856 1395 1930 quorum
1449 1857 1665 1909 unum
1719 1833 2005 1912 ordinat
2059 1844 2131 1911 et
2186 1834 2505 1936 disponit
2577 1836 2772 1934 quod
2840 1837 3089 1914 huius-

183 1953 386 2030 modi
437 1953 628 2031 bona
683 1955 920 2032 omnia
973 1956 1329 2056 applicari
1384 1954 1696 2031 debeant
1745 1979 1880 2054 pro
1935 1957 2239 2033 utilitate
2292 1959 2583 2054 mortui,
2630 1967 2705 2034 et
2754 1982 2890 2058 pro
2944 1960 3091 2036 sol-

185 2077 454 2153 vendis
503 2077 738 2176 ipsius
792 2077 1094 2172 debitis,
1169 2087 1293 2154 aut
1345 2077 1411 2152 si
1462 2101 1606 2154 non
1661 2087 1937 2176 extant,
1995 2075 2138 2178 'pro
2191 2077 2712 2157 Anniversario
2767 2079 3093 2156 eiusdem

181 2199 510 2276 totaliter
562 2200 924 2296 eonverti3
987 2199 1187 2276 3111111
1237 2222 1414 2275 vero
1468 2199 1828 2275 ordinavit
1881 2209 1954 2276 et
2007 2201 2277 2296 statuit,
2332 2209 2412 2278 ut
2463 2202 2705 2278 omnia
2756 2201 3090 2279 huiusce-

175 2321 380 2398 modi
431 2323 622 2397 bona
673 2330 748 2399 et
795 2323 1075 2398 fruetus
1143 2323 1518 2398 recollecti
1571 2331 1716 2398 tam
1771 2347 1904 2422 per
1957 2323 2263 2399 eundem
2339 2322 2749 2401 defunctum
2771 2383 2791 2418 ,
2871 2349 3084 2422 quam

176 2443 421 2519 adhuc
473 2466 567 2518 ex
616 2444 894 2521 laboris
948 2444 1269 2520 eiusdem
1339 2444 1817 2541 recolligendi
1887 2445 2075 2520 iuste
2127 2468 2261 2543 per
2312 2444 2622 2522 medium
2675 2446 2864 2522 inter
2916 2470 3085 2524 exe·

176 2575 472 2642 eutores
523 2567 758 2665 ipsius
811 2575 884 2642 et
937 2590 1436 2643 successorem
1500 2566 1916 2667 praedictae
1970 2567 2193 2644 villae
2248 2567 2679 2644 dividantur.
2774 2567 2895 2644 Ad
2953 2570 3089 2646 tol-

175 2689 470 2765 lendam
544 2688 898 2766 eiusmodi
969 2690 1542 2765 contrarietatem
1599 2698 1671 2764 et
1722 2688 2138 2766 reducendo
2211 2687 2405 2764 dicta
2454 2686 2762 2765 'Statuta
2816 2689 2912 2765 ad
2966 2687 3089 2767 de-

174 2813 406 2888 bitam
459 2833 865 2888 mensuram
918 2813 1181 2888 rationi
1216 2820 1289 2887 et
1329 2812 1675 2909 aequitati
1729 2835 2145 2907 consonam,
2186 2813 2586 2909 statuimus,
2643 2811 3091 2912 disponimus

175 2942 254 3010 et
327 2932 780 3028 ordinamus,
833 2933 1071 3032 -quod
1142 2935 1424 3032 quoties
1509 2936 1824 3032 aliquem
1895 2959 1988 3010 ex
2059 2934 2422 3010 Praelatis
2495 2959 2627 3012 seu
2698 2933 3091 3012 Canonieis

173 3055 569 3133 habentem
623 3057 874 3132 villam
925 3056 1583 3155 praestimonialem
1637 3058 2085 3155 praedictam
2138 3057 2541 3154 contigerit,
2598 3058 2693 3132 ab
2736 3057 2877 3133 hac
2924 3060 3091 3134 luce

177 3178 583 3275 discedere,
640 3181 832 3256 bona
883 3178 1259 3279 praedicta
1309 3204 1444 3279 per
1497 3204 1658 3256 eum
1706 3180 1831 3279 qui
1867 3179 2193 3278 sequitur
2244 3180 2533 3256 modum
2590 3178 3086 3278 disponantur.

173 3304 264 3379 Iu
320 3302 580 3403 primis
633 3304 699 3379 si
749 3303 826 3377 in
861 3310 1184 3401 tempore
1240 3303 1502 3379 messis
1553 3313 1677 3379 aut
1727 3310 1918 3402 post,
1973 3303 2333 3378 fructibus
2384 3303 2528 3378 iam
2579 3303 2656 3378 in
2709 3312 2916 3401 parte
2968 3304 3090 3378 vel

172 3428 254 3503 111
287 3434 444 3501 toto
493 3425 904 3502 recollectis
957 3426 1511 3523 praedictorum,
1567 3426 1733 3522 quis
1785 3424 2206 3519 decesserit,
2262 3424 2539 3501 fructus
2593 3448 2844 3500 omnes
2878 3448 3086 3523 prae-

177 3548 392 3641 dicti,
470 3548 758 3623 collecti
812 3554 885 3623 et
935 3546 1330 3643 colligendi
1382 3548 1498 3623 sui
1551 3548 1733 3643 sint,
1813 3554 1884 3623 et
1934 3569 2071 3646 pro
2134 3547 2694 3623 necessitatibus
2764 3547 3087 3623 eiusdem

173 3672 413 3746 libere
467 3668 918 3769 applicandi,
977 3670 1146 3746 data
1200 3672 1545 3745 duntaxat
1597 3670 1690 3745 de
1743 3670 1930 3768 ipsis
1984 3676 2128 3743 tam
2183 3669 2256 3744 in
2313 3670 2690 3765 frumento,
2747 3692 2961 3766 quam
3010 3670 3085 3745 in

173 3793 418 3869 tritico
473 3800 672 3867 tanta
726 3793 1140 3890 quantitate,
1205 3816 1404 3889 quae
1457 3791 1550 3867 ad
1607 3790 2105 3867 seminandum
2160 3814 2383 3887 agros
2433 3814 2567 3889 pro
2630 3791 3087 3891 hyemalibus

175 3915 776 3991 seminationibus
830 3921 1080 4011 posset
1131 3914 1489 3989 sufficere.
1549 3911 1630 3989 Si
1682 3914 1800 3990 hic
1851 3936 2025 3989 vero
2082 3914 2245 4010 quis
2308 3912 2840 4010 praedictorum
2894 3914 3085 3989 fruc-

173 4038 375 4113 tibus
425 4036 668 4112 taliter
721 4036 1070 4128 collectis,
1129 4044 1204 4113 et
1237 4038 1453 4113 etiam
1489 4036 1693 4131 agris
1729 4036 2188 4134 hyemalibus
2240 4036 2635 4135 praedictis
2688 4037 3082 4131 seminatis,

173 4160 604 4236 naturaliter
638 4160 759 4234 vel
796 4159 1104 4234 civiliter
1147 4168 1469 4235 mortuus
1519 4159 1754 4252 fuerit,
1801 4158 2067 4234 habeat
2120 4181 2371 4235 omnes
2423 4159 2701 4234 fruetus
2751 4156 3084 4257 praedic-

176 4290 296 4359 tos
347 4283 590 4358 taliter
643 4282 1010 4375 collectos,
1066 4290 1138 4357 et
1187 4282 1486 4381 insuper
1537 4305 1671 4383 pro
1724 4280 2101 4356 laboribus
2155 4288 2227 4355 et
2278 4280 2630 4379 impensis
2700 4281 2855 4356 suis
2906 4280 3083 4381 hye-

175 4404 495 4480 malibus
549 4404 814 4479 habeat
864 4402 1321 4480 medietatem
1376 4404 1689 4480 omnium
1745 4426 1874 4502 per
1926 4404 2161 4500 ipsum
2215 4425 2347 4502 pro
2385 4402 2647 4502 hyeme
2698 4403 3083 4478 seminato-

177 4552 365 4603 rum.
424 4526 640 4617 Quod
677 4526 743 4601 si
776 4534 1098 4602 mortuus
1150 4526 1370 4601 fuerit
1418 4534 1586 4601 ante
1622 4549 1957 4617 messem,
1997 4525 2373 4599 seminatis
2408 4532 2647 4599 tamen
2681 4548 2813 4621 per
2845 4524 3084 4622 ipsum

178 4652 400 4727 etiam
471 4649 674 4743 agris
724 4649 1233 4743 aestivalibus,
1305 4648 1575 4723 habeat
1627 4635 1958 4724 similiter
2032 4648 2270 4724 omnia
2340 4672 2473 4745 per
2538 4648 2774 4746 ipsum
2846 4646 3087 4721 taliter

177 4774 556 4848 elaborata
607 4780 680 4846 et
732 4771 1119 4864 seminata,
1176 4779 1318 4851 tam
1375 4770 1754 4846 aestivalia
1809 4793 2020 4867 quam
2074 4769 2440 4871 hyemalia
2462 4826 2480 4861 ,
2537 4768 2791 4843 relicto
2846 4774 3083 4843 tamen

175 4895 460 4971 semiue
510 4917 646 4991 pro
699 4893 1176 4993 hyemalibus,
1233 4893 1448 4968 modo
1487 4901 1559 4968 et
1597 4916 1933 4971 mensura
1985 4916 2207 4992 supra
2260 4891 2496 4967 dictis.
2556 4888 2637 4965 Si
2681 4912 2855 4965 vero
2892 4912 3079 4965 mor·

175 5027 350 5094 tuus
403 5016 624 5093 fuerit
673 5023 995 5115 tempore
1047 5015 1332 5113 hyemis
1384 5017 1552 5089 ante
1607 5014 2148 5090 seminationem
2202 5035 2540 5109 agrorum
2605 5010 3078 5107 aestivalium,

177 5139 450 5214 habeat
517 5145 687 5213 tune
757 5144 1028 5213 tantum
1080 5136 1531 5212 medietatem
1587 5136 2096 5212 seminatorum
2158 5136 2629 5235 hyemalium,
2705 5134 2834 5210 sed
2900 5134 3081 5210 nibil

175 5260 536 5359 percipiet
588 5257 678 5335 de
733 5258 1226 5343 aestivalibus,
1259 5282 1392 5356 per
1443 5258 1663 5333 alium
1717 5259 2200 5352 seminandis,
2266 5257 2396 5335 sed
2451 5281 2587 5333 uec
2642 5257 2858 5333 etiam
2912 5265 3082 5332 tunc

177 5390 510 5459 teneatur
563 5381 837 5481 aliquid
892 5381 1064 5511 dare
1118 5404 1252 5480 pro
1306 5380 1749 5458 seminandis
1806 5381 2279 5458 aestivalibus
2330 5379 2747 5566 praedictisei
2802 5379 2890 5454 Iu
2929 5403 3077 5456 om-
