<?xml version="1.0" encoding="UTF-8"?>
<!DOCTYPE html PUBLIC "-//W3C//DTD XHTML 1.0 Transitional//EN"
    "http://www.w3.org/TR/xhtml1/DTD/xhtml1-transitional.dtd">
<html xmlns="http://www.w3.org/1999/xhtml" xml:lang="en" lang="en">
 <head>
  <title>
</title>
<meta http-equiv="Content-Type" content="text/html;charset=utf-8" />
  <meta name='ocr-system' content='tesseract 3.04.00' />
  <meta name='ocr-capabilities' content='ocr_page ocr_carea ocr_par ocr_line ocrx_word'/>
</head>
<body>
  <div class='ocr_page' id='page_1' title='image "./statutacapitula00nykogoog_0072.png"; bbox 0 0 4055 6364; ppageno 0'>
   <div class='ocr_carea' id='block_1_1' title="bbox 26 1840 33 2011">
    <p class='ocr_par' dir='ltr' id='par_1_1' title="bbox 26 1840 33 2011">
     <span class='ocr_line' id='line_1_1' title="bbox 26 1840 33 2011; baseline 0 -134"><span class='ocrx_word' id='word_1_1' title='bbox 26 1840 33 2011; x_wconf 77' lang='lat' dir='ltr'>i</span> 
     </span>
    </p>
   </div>
   <div class='ocr_carea' id='block_1_2' title="bbox 1472 742 1992 819">
    <p class='ocr_par' dir='ltr' id='par_1_2' title="bbox 1472 742 1992 819">
     <span class='ocr_line' id='line_1_2' title="bbox 1472 742 1992 819; baseline -0.002 -18"><span class='ocrx_word' id='word_1_2' title='bbox 1472 742 1992 819; x_wconf 66' lang='lat'>...49—</span> 
     </span>
    </p>
   </div>
   <div class='ocr_carea' id='block_1_3' title="bbox 271 948 3187 1783">
    <p class='ocr_par' dir='ltr' id='par_1_3' title="bbox 271 948 3187 1783">
     <span class='ocr_line' id='line_1_3' title="bbox 277 948 3187 1052; baseline 0.004 -31"><span class='ocrx_word' id='word_1_3' title='bbox 277 948 518 1022; x_wconf 86' lang='lat' dir='ltr'>ficium</span> <span class='ocrx_word' id='word_1_4' title='bbox 541 1006 559 1043; x_wconf 93' lang='lat'>,</span> <span class='ocrx_word' id='word_1_5' title='bbox 632 948 919 1045; x_wconf 83' lang='lat' dir='ltr'>villam,</span> <span class='ocrx_word' id='word_1_6' title='bbox 995 949 1282 1026; x_wconf 90' lang='lat' dir='ltr'>domum</span> <span class='ocrx_word' id='word_1_7' title='bbox 1337 960 1461 1027; x_wconf 88' lang='lat' dir='ltr'>aut</span> <span class='ocrx_word' id='word_1_8' title='bbox 1512 952 2010 1049; x_wconf 75' lang='lat' dir='ltr'>quameunque</span> <span class='ocrx_word' id='word_1_9' title='bbox 2080 976 2233 1029; x_wconf 89' lang='lat' dir='ltr'>rem</span> <span class='ocrx_word' id='word_1_10' title='bbox 2299 954 2767 1052; x_wconf 75' lang='lat' dir='ltr'>capitularem</span> <span class='ocrx_word' id='word_1_11' title='bbox 2840 955 3187 1032; x_wconf 80' lang='lat' dir='ltr'>reddatur</span> 
     </span>
     <span class='ocr_line' id='line_1_4' title="bbox 275 1072 3180 1176; baseline 0.003 -31"><span class='ocrx_word' id='word_1_12' title='bbox 275 1072 439 1169; x_wconf 88' lang='lat' dir='ltr'>ipso</span> <span class='ocrx_word' id='word_1_13' title='bbox 495 1072 690 1147; x_wconf 87' lang='lat' dir='ltr'>facto</span> <span class='ocrx_word' id='word_1_14' title='bbox 741 1074 1124 1169; x_wconf 86' lang='lat' dir='ltr'>indignus,</span> <span class='ocrx_word' id='word_1_15' title='bbox 1191 1084 1264 1150; x_wconf 91' lang='lat' dir='ltr'>et</span> <span class='ocrx_word' id='word_1_16' title='bbox 1315 1099 1448 1172; x_wconf 88' lang='lat' dir='ltr'>pro</span> <span class='ocrx_word' id='word_1_17' title='bbox 1499 1076 1629 1150; x_wconf 86' lang='lat' dir='ltr'>illa</span> <span class='ocrx_word' id='word_1_18' title='bbox 1682 1077 1844 1151; x_wconf 83' lang='lat' dir='ltr'>viee</span> <span class='ocrx_word' id='word_1_19' title='bbox 1895 1076 2265 1152; x_wconf 86' lang='lat' dir='ltr'>inhabilis.</span> <span class='ocrx_word' id='word_1_20' title='bbox 2356 1077 2427 1153; x_wconf 91' lang='lat' dir='ltr'>N</span> <span class='ocrx_word' id='word_1_21' title='bbox 2430 1100 2517 1151; x_wconf 89' lang='lat' dir='ltr'>ee</span> <span class='ocrx_word' id='word_1_22' title='bbox 2566 1078 2805 1176; x_wconf 77' lang='lat' dir='ltr'>possit</span> <span class='ocrx_word' id='word_1_23' title='bbox 2856 1078 3000 1153; x_wconf 92' lang='lat' dir='ltr'>sibi</span> <span class='ocrx_word' id='word_1_24' title='bbox 3050 1078 3180 1153; x_wconf 87' lang='lat' dir='ltr'>hu-</span> 
     </span>
     <span class='ocr_line' id='line_1_5' title="bbox 275 1184 3183 1296; baseline 0.002 -29"><span class='ocrx_word' id='word_1_25' title='bbox 275 1193 587 1268; x_wconf 90' lang='lat' dir='ltr'>iusmodi</span> <span class='ocrx_word' id='word_1_26' title='bbox 640 1196 1102 1288; x_wconf 73' lang='lat' dir='ltr'>beneficium,</span> <span class='ocrx_word' id='word_1_27' title='bbox 1159 1196 1376 1293; x_wconf 78' lang='lat' dir='ltr'>villa,</span> <span class='ocrx_word' id='word_1_28' title='bbox 1435 1193 1694 1273; x_wconf 70' lang='lat' dir='ltr'>domus</span> <span class='ocrx_word' id='word_1_29' title='bbox 1743 1184 1863 1273; x_wconf 64' lang='lat' dir='ltr'>vel</span> <span class='ocrx_word' id='word_1_30' title='bbox 1917 1208 2386 1295; x_wconf 70' lang='lat' dir='ltr'>quaecunque·</span> <span class='ocrx_word' id='word_1_31' title='bbox 2438 1186 2677 1274; x_wconf 71' lang='lat' dir='ltr'>taliter</span> <span class='ocrx_word' id='word_1_32' title='bbox 2727 1199 2953 1296; x_wconf 89' lang='lat' dir='ltr'>petita</span> <span class='ocrx_word' id='word_1_33' title='bbox 3008 1222 3183 1275; x_wconf 88' lang='lat' dir='ltr'>con·</span> 
     </span>
     <span class='ocr_line' id='line_1_6' title="bbox 277 1309 3185 1438; baseline 0.002 -48"><span class='ocrx_word' id='word_1_34' title='bbox 277 1316 474 1409; x_wconf 89' lang='lat' dir='ltr'>ferri,</span> <span class='ocrx_word' id='word_1_35' title='bbox 533 1342 694 1393; x_wconf 84' lang='lat' dir='ltr'>eum</span> <span class='ocrx_word' id='word_1_36' title='bbox 747 1320 912 1417; x_wconf 90' lang='lat' dir='ltr'>ipso</span> <span class='ocrx_word' id='word_1_37' title='bbox 929 1309 1161 1395; x_wconf 87' lang='lat' dir='ltr'>facto</span> <span class='ocrx_word' id='word_1_38' title='bbox 1216 1320 1312 1395; x_wconf 90' lang='lat' dir='ltr'>sit</span> <span class='ocrx_word' id='word_1_39' title='bbox 1348 1322 1460 1396; x_wconf 90' lang='lat' dir='ltr'>sui</span> <span class='ocrx_word' id='word_1_40' title='bbox 1512 1320 1918 1397; x_wconf 76' lang='lat' dir='ltr'>Juramenti</span> <span class='ocrx_word' id='word_1_41' title='bbox 1953 1322 2026 1394; x_wconf 86' lang='lat' dir='ltr'>in</span> <span class='ocrx_word' id='word_1_42' title='bbox 2066 1321 2459 1438; x_wconf 81' lang='lat' dir='ltr'>primordio</span> <span class='ocrx_word' id='word_1_43' title='bbox 2514 1344 2689 1397; x_wconf 86' lang='lat' dir='ltr'>suae</span> <span class='ocrx_word' id='word_1_44' title='bbox 2746 1321 3185 1419; x_wconf 77' lang='lat' dir='ltr'><strong>receptionis</strong></span> 
     </span>
     <span class='ocr_line' id='line_1_7' title="bbox 275 1438 3179 1542; baseline 0.003 -31"><span class='ocrx_word' id='word_1_45' title='bbox 275 1440 640 1535; x_wconf 86' lang='lat' dir='ltr'>praestiti,</span> <span class='ocrx_word' id='word_1_46' title='bbox 711 1448 1236 1540; x_wconf 77' lang='lat' dir='ltr'>transgressor.</span> <span class='ocrx_word' id='word_1_47' title='bbox 1328 1444 1595 1519; x_wconf 88' lang='lat' dir='ltr'>Datum</span> <span class='ocrx_word' id='word_1_48' title='bbox 1672 1442 2075 1518; x_wconf 70' lang='lat' dir='ltr'>O1aoov1ae</span> <span class='ocrx_word' id='word_1_49' title='bbox 2127 1446 2199 1518; x_wconf 90' lang='lat' dir='ltr'>in</span> <span class='ocrx_word' id='word_1_50' title='bbox 2256 1443 2594 1542; x_wconf 86' lang='lat' dir='ltr'>Capitulo</span> <span class='ocrx_word' id='word_1_51' title='bbox 2664 1438 2990 1539; x_wconf 86' lang='lat' dir='ltr'>generali</span> <span class='ocrx_word' id='word_1_52' title='bbox 3062 1441 3179 1519; x_wconf 87' lang='lat' dir='ltr'>die</span> 
     </span>
     <span class='ocr_line' id='line_1_8' title="bbox 271 1546 3179 1685; baseline 0.003 -53"><span class='ocrx_word' id='word_1_53' title='bbox 271 1552 533 1635; x_wconf 89' lang='lat' dir='ltr'>Martis</span> <span class='ocrx_word' id='word_1_54' title='bbox 591 1562 804 1637; x_wconf 87' lang='lat' dir='ltr'>Nona</span> <span class='ocrx_word' id='word_1_55' title='bbox 857 1550 1138 1639; x_wconf 78' lang='lat' dir='ltr'>Mensis</span> <span class='ocrx_word' id='word_1_56' title='bbox 1176 1546 1646 1685; x_wconf 76' lang='lat' dir='ltr'>Septembris,</span> <span class='ocrx_word' id='word_1_57' title='bbox 1703 1562 1918 1639; x_wconf 89' lang='lat' dir='ltr'>Anno</span> <span class='ocrx_word' id='word_1_58' title='bbox 1956 1566 2229 1640; x_wconf 85' lang='lat' dir='ltr'>domini</span> <span class='ocrx_word' id='word_1_59' title='bbox 2264 1564 2656 1642; x_wconf 84' lang='lat' dir='ltr'>MilIesimo</span> <span class='ocrx_word' id='word_1_60' title='bbox 2695 1564 3179 1663; x_wconf 81' lang='lat' dir='ltr'>quadringen-</span> 
     </span>
     <span class='ocr_line' id='line_1_9' title="bbox 273 1682 1393 1783; baseline 0.005 -27"><span class='ocrx_word' id='word_1_61' title='bbox 273 1683 530 1758; x_wconf 86' lang='lat' dir='ltr'>tesimo</span> <span class='ocrx_word' id='word_1_62' title='bbox 586 1683 995 1760; x_wconf 83' lang='lat' dir='ltr'>Tricesimo</span> <span class='ocrx_word' id='word_1_63' title='bbox 1050 1682 1393 1783; x_wconf 88' lang='lat' dir='ltr'>Septimo.</span> 
     </span>
    </p>
   </div>
   <div class='ocr_carea' id='block_1_4' title="bbox 1546 2006 1910 2118">
    <p class='ocr_par' dir='ltr' id='par_1_4' title="bbox 1546 2006 1910 2118">
     <span class='ocr_line' id='line_1_10' title="bbox 1546 2006 1910 2118; baseline 0.003 -1"><span class='ocrx_word' id='word_1_64' title='bbox 1546 2006 1910 2118; x_wconf 82' lang='lat' dir='ltr'><strong>LXVII.</strong></span> 
     </span>
    </p>
   </div>
   <div class='ocr_carea' id='block_1_5' title="bbox 690 2182 2760 2353">
    <p class='ocr_par' dir='ltr' id='par_1_5' title="bbox 690 2182 2760 2353">
     <span class='ocr_line' id='line_1_11' title="bbox 690 2182 2760 2353; baseline 0.001 -49"><span class='ocrx_word' id='word_1_65' title='bbox 690 2215 794 2304; x_wconf 78' lang='lat' dir='ltr'>De</span> <span class='ocrx_word' id='word_1_66' title='bbox 850 2214 1254 2353; x_wconf 71' lang='lat' dir='ltr'>solutione,</span> <span class='ocrx_word' id='word_1_67' title='bbox 1281 2220 1758 2308; x_wconf 73' lang='lat' dir='ltr'>sanctuariis</span> <span class='ocrx_word' id='word_1_68' title='bbox 1799 2182 1868 2308; x_wconf 27' lang='lat' dir='ltr'>‘a</span> <span class='ocrx_word' id='word_1_69' title='bbox 1917 2226 2133 2325; x_wconf 76' lang='lat' dir='ltr'>pursu</span> <span class='ocrx_word' id='word_1_70' title='bbox 2190 2214 2760 2330; x_wconf 71' lang='lat' dir='ltr'>campanarum.</span> 
     </span>
    </p>
   </div>
   <div class='ocr_carea' id='block_1_6' title="bbox 263 2429 3249 2901">
    <p class='ocr_par' dir='ltr' id='par_1_6' title="bbox 263 2429 3249 2901">
     <span class='ocr_line' id='line_1_12' title="bbox 477 2429 3175 2533; baseline 0.002 -28"><span class='ocrx_word' id='word_1_71' title='bbox 477 2429 882 2507; x_wconf 85' lang='lat' dir='ltr'>Sanetuarii</span> <span class='ocrx_word' id='word_1_72' title='bbox 935 2459 981 2508; x_wconf 90' lang='lat' dir='ltr'>a</span> <span class='ocrx_word' id='word_1_73' title='bbox 1033 2434 1248 2530; x_wconf 90' lang='lat' dir='ltr'>pulsu</span> <span class='ocrx_word' id='word_1_74' title='bbox 1303 2434 1832 2533; x_wconf 83' lang='lat' dir='ltr'>Campanamm</span> <span class='ocrx_word' id='word_1_75' title='bbox 1886 2437 2081 2511; x_wconf 85' lang='lat' dir='ltr'>facto</span> <span class='ocrx_word' id='word_1_76' title='bbox 2136 2434 2505 2513; x_wconf 83' lang='lat' dir='ltr'>Canonico</span> <span class='ocrx_word' id='word_1_77' title='bbox 2524 2493 2543 2530; x_wconf 92' lang='lat'>‚</span> <span class='ocrx_word' id='word_1_78' title='bbox 2598 2434 2995 2511; x_wconf 90' lang='lat' dir='ltr'>Altaristae</span> <span class='ocrx_word' id='word_1_79' title='bbox 3048 2444 3175 2511; x_wconf 87' lang='lat' dir='ltr'>aut</span> 
     </span>
     <span class='ocr_line' id='line_1_13' title="bbox 268 2546 3173 2653; baseline 0.002 -26"><span class='ocrx_word' id='word_1_80' title='bbox 268 2549 568 2628; x_wconf 88' lang='lat' dir='ltr'>Vieario</span> <span class='ocrx_word' id='word_1_81' title='bbox 590 2612 608 2649; x_wconf 94' lang='lat'>,</span> <span class='ocrx_word' id='word_1_82' title='bbox 681 2551 1153 2632; x_wconf 85' lang='lat' dir='ltr'>Psalteristae</span> <span class='ocrx_word' id='word_1_83' title='bbox 1207 2566 1331 2633; x_wconf 87' lang='lat' dir='ltr'>ant</span> <span class='ocrx_word' id='word_1_84' title='bbox 1383 2557 1681 2633; x_wconf 83' lang='lat' dir='ltr'>alterins</span> <span class='ocrx_word' id='word_1_85' title='bbox 1734 2558 2143 2634; x_wconf 85' lang='lat' dir='ltr'>beneficiati</span> <span class='ocrx_word' id='word_1_86' title='bbox 2193 2546 2577 2633; x_wconf 62' lang='lat' dir='ltr'>E‘eelesi&#39;ae</span> <span class='ocrx_word' id='word_1_87' title='bbox 2631 2552 3173 2653; x_wconf 74' lang='lat' dir='ltr'>Uracoviensis,</span> 
     </span>
     <span class='ocr_line' id='line_1_14' title="bbox 263 2674 3249 2779; baseline 0.002 -29"><span class='ocrx_word' id='word_1_88' title='bbox 263 2701 406 2752; x_wconf 89' lang='lat' dir='ltr'>nou</span> <span class='ocrx_word' id='word_1_89' title='bbox 461 2678 632 2776; x_wconf 84' lang='lat' dir='ltr'>plus</span> <span class='ocrx_word' id='word_1_90' title='bbox 687 2678 827 2753; x_wconf 92' lang='lat' dir='ltr'>nisi</span> <span class='ocrx_word' id='word_1_91' title='bbox 879 2678 1252 2773; x_wconf 89' lang='lat' dir='ltr'>fertonem,</span> <span class='ocrx_word' id='word_1_92' title='bbox 1310 2677 1404 2755; x_wconf 89' lang='lat' dir='ltr'>ab</span> <span class='ocrx_word' id='word_1_93' title='bbox 1442 2688 1784 2755; x_wconf 82' lang='lat' dir='ltr'>extraneo</span> <span class='ocrx_word' id='word_1_94' title='bbox 1829 2704 2005 2756; x_wconf 84' lang='lat' dir='ltr'>vero</span> <span class='ocrx_word' id='word_1_95' title='bbox 2058 2680 2363 2757; x_wconf 86' lang='lat' dir='ltr'>mediam</span> <span class='ocrx_word' id='word_1_96' title='bbox 2418 2678 2742 2757; x_wconf 81' lang='lat' dir='ltr'>Marcam</span> <span class='ocrx_word' id='word_1_97' title='bbox 2794 2680 3168 2779; x_wconf 79' lang='lat' dir='ltr'>recipiant,</span> <span class='ocrx_word' id='word_1_98' title='bbox 3231 2674 3249 2687; x_wconf 85' lang='lat'><em>&#39;</em></span> 
     </span>
     <span class='ocr_line' id='line_1_15' title="bbox 265 2800 3007 2901; baseline 0.001 -26"><span class='ocrx_word' id='word_1_99' title='bbox 265 2800 434 2897; x_wconf 87' lang='lat' dir='ltr'>qui,.</span> <span class='ocrx_word' id='word_1_100' title='bbox 465 2802 706 2876; x_wconf 89' lang='lat' dir='ltr'>minus</span> <span class='ocrx_word' id='word_1_101' title='bbox 756 2802 1082 2901; x_wconf 85' lang='lat' dir='ltr'>recipere</span> <span class='ocrx_word' id='word_1_102' title='bbox 1139 2804 1471 2900; x_wconf 86' lang='lat' dir='ltr'>poterint,</span> <span class='ocrx_word' id='word_1_103' title='bbox 1530 2801 1661 2879; x_wconf 85' lang='lat' dir='ltr'>sed</span> <span class='ocrx_word' id='word_1_104' title='bbox 1716 2804 1950 2899; x_wconf 85' lang='lat' dir='ltr'>magis</span> <span class='ocrx_word' id='word_1_105' title='bbox 2003 2802 2322 2899; x_wconf 84' lang='lat' dir='ltr'>exigere,</span> <span class='ocrx_word' id='word_1_106' title='bbox 2376 2802 2667 2878; x_wconf 89' lang='lat' dir='ltr'>minime</span> <span class='ocrx_word' id='word_1_107' title='bbox 2721 2800 3007 2877; x_wconf 85' lang='lat' dir='ltr'>debent.</span> 
     </span>
    </p>
   </div>
   <div class='ocr_carea' id='block_1_7' title="bbox 1516 3128 1927 3234">
    <p class='ocr_par' dir='ltr' id='par_1_7' title="bbox 1516 3128 1927 3234">
     <span class='ocr_line' id='line_1_16' title="bbox 1516 3128 1927 3234; baseline 0 -2"><span class='ocrx_word' id='word_1_108' title='bbox 1516 3128 1927 3234; x_wconf 90' lang='lat' dir='ltr'><strong>LXVIII.</strong></span> 
     </span>
    </p>
   </div>
   <div class='ocr_carea' id='block_1_8' title="bbox 1145 3323 2303 3424">
    <p class='ocr_par' dir='ltr' id='par_1_8' title="bbox 1145 3323 2303 3424">
     <span class='ocr_line' id='line_1_17' title="bbox 1145 3323 2303 3424; baseline 0 -3"><span class='ocrx_word' id='word_1_109' title='bbox 1145 3340 1256 3423; x_wconf 79' lang='lat' dir='ltr'>Dc</span> <span class='ocrx_word' id='word_1_110' title='bbox 1305 3340 1840 3424; x_wconf 77' lang='lat' dir='ltr'>observatione</span> <span class='ocrx_word' id='word_1_111' title='bbox 1896 3323 2303 3424; x_wconf 69' lang='lat' dir='ltr'>interdicti.</span> 
     </span>
    </p>
   </div>
   <div class='ocr_carea' id='block_1_9' title="bbox 261 3550 3177 4849">
    <p class='ocr_par' dir='ltr' id='par_1_9' title="bbox 261 3550 3177 4849">
     <span class='ocr_line' id='line_1_18' title="bbox 469 3550 3177 3651; baseline 0.001 -26"><span class='ocrx_word' id='word_1_112' title='bbox 469 3551 803 3625; x_wconf 86' lang='lat' dir='ltr'>Foedum</span> <span class='ocrx_word' id='word_1_113' title='bbox 860 3558 1280 3649; x_wconf 83' lang='lat' dir='ltr'>reputantes</span> <span class='ocrx_word' id='word_1_114' title='bbox 1331 3554 1726 3627; x_wconf 89' lang='lat' dir='ltr'>membrum</span> <span class='ocrx_word' id='word_1_115' title='bbox 1780 3559 1853 3626; x_wconf 90' lang='lat' dir='ltr'>et</span> <span class='ocrx_word' id='word_1_116' title='bbox 1907 3559 2467 3645; x_wconf 87' lang='lat' dir='ltr'>monstruosum,</span> <span class='ocrx_word' id='word_1_117' title='bbox 2522 3550 2711 3649; x_wconf 83' lang='lat' dir='ltr'>quod</span> <span class='ocrx_word' id='word_1_118' title='bbox 2768 3574 2901 3627; x_wconf 91' lang='lat' dir='ltr'>suo</span> <span class='ocrx_word' id='word_1_119' title='bbox 2956 3552 3177 3651; x_wconf 89' lang='lat' dir='ltr'>capiti</span> 
     </span>
     <span class='ocr_line' id='line_1_19' title="bbox 261 3661 3168 3771; baseline 0.001 -25"><span class='ocrx_word' id='word_1_120' title='bbox 261 3661 402 3747; x_wconf 79' lang='lat' dir='ltr'>non</span> <span class='ocrx_word' id='word_1_121' title='bbox 461 3675 798 3770; x_wconf 86' lang='lat' dir='ltr'>congruit</span> <span class='ocrx_word' id='word_1_122' title='bbox 865 3675 1283 3770; x_wconf 84' lang='lat' dir='ltr'>statuimus,</span> <span class='ocrx_word' id='word_1_123' title='bbox 1358 3674 1548 3771; x_wconf 87' lang='lat' dir='ltr'>quod</span> <span class='ocrx_word' id='word_1_124' title='bbox 1605 3673 1772 3748; x_wconf 88' lang='lat' dir='ltr'>dum</span> <span class='ocrx_word' id='word_1_125' title='bbox 1829 3681 1903 3748; x_wconf 91' lang='lat' dir='ltr'>et</span> <span class='ocrx_word' id='word_1_126' title='bbox 1953 3674 2305 3770; x_wconf 87' lang='lat' dir='ltr'>quotiens·</span> <span class='ocrx_word' id='word_1_127' title='bbox 2360 3674 2828 3750; x_wconf 82' lang='lat' dir='ltr'>Interdictum</span> <span class='ocrx_word' id='word_1_128' title='bbox 2882 3682 2956 3750; x_wconf 90' lang='lat' dir='ltr'>et</span> <span class='ocrx_word' id='word_1_129' title='bbox 3008 3698 3168 3750; x_wconf 87' lang='lat' dir='ltr'>ees-</span> 
     </span>
     <span class='ocr_line' id='line_1_20' title="bbox 265 3795 3173 3894; baseline 0.001 -24"><span class='ocrx_word' id='word_1_130' title='bbox 265 3797 451 3871; x_wconf 87' lang='lat' dir='ltr'>satio</span> <span class='ocrx_word' id='word_1_131' title='bbox 509 3821 554 3870; x_wconf 89' lang='lat' dir='ltr'>a</span> <span class='ocrx_word' id='word_1_132' title='bbox 608 3796 874 3871; x_wconf 88' lang='lat' dir='ltr'>divinis</span> <span class='ocrx_word' id='word_1_133' title='bbox 929 3819 1354 3894; x_wconf 89' lang='lat' dir='ltr'>quacunque</span> <span class='ocrx_word' id='word_1_134' title='bbox 1410 3797 1844 3872; x_wconf 84' lang='lat' dir='ltr'>authoritate</span> <span class='ocrx_word' id='word_1_135' title='bbox 1899 3803 1971 3871; x_wconf 91' lang='lat' dir='ltr'>et</span> <span class='ocrx_word' id='word_1_136' title='bbox 2023 3819 2117 3870; x_wconf 84' lang='lat' dir='ltr'>ex</span> <span class='ocrx_word' id='word_1_137' title='bbox 2172 3819 2597 3893; x_wconf 84' lang='lat' dir='ltr'>quacunque</span> <span class='ocrx_word' id='word_1_138' title='bbox 2652 3819 2873 3871; x_wconf 87' lang='lat' dir='ltr'>eausa</span> <span class='ocrx_word' id='word_1_139' title='bbox 2917 3797 2994 3870; x_wconf 88' lang='lat' dir='ltr'>in</span> <span class='ocrx_word' id='word_1_140' title='bbox 3029 3795 3173 3872; x_wconf 88' lang='lat' dir='ltr'>Ec-</span> 
     </span>
     <span class='ocr_line' id='line_1_21' title="bbox 263 3916 3170 4013; baseline 0 -21"><span class='ocrx_word' id='word_1_141' title='bbox 263 3918 494 3994; x_wconf 85' lang='lat' dir='ltr'>clesia</span> <span class='ocrx_word' id='word_1_142' title='bbox 546 3916 1023 3993; x_wconf 85' lang='lat' dir='ltr'>Cracoviensi</span> <span class='ocrx_word' id='word_1_143' title='bbox 1075 3919 1298 3994; x_wconf 89' lang='lat' dir='ltr'>latum</span> <span class='ocrx_word' id='word_1_144' title='bbox 1353 3927 1425 3994; x_wconf 91' lang='lat' dir='ltr'>et</span> <span class='ocrx_word' id='word_1_145' title='bbox 1477 3920 1668 3992; x_wconf 85' lang='lat' dir='ltr'>faeta</span> <span class='ocrx_word' id='word_1_146' title='bbox 1720 3918 1957 4013; x_wconf 89' lang='lat' dir='ltr'>fuerit,</span> <span class='ocrx_word' id='word_1_147' title='bbox 2013 3941 2184 3992; x_wconf 80' lang='lat' dir='ltr'>mox</span> <span class='ocrx_word' id='word_1_148' title='bbox 2236 3926 2309 3993; x_wconf 89' lang='lat' dir='ltr'>et</span> <span class='ocrx_word' id='word_1_149' title='bbox 2361 3919 2627 3994; x_wconf 88' lang='lat' dir='ltr'>totiens</span> <span class='ocrx_word' id='word_1_150' title='bbox 2681 3941 2931 3993; x_wconf 89' lang='lat' dir='ltr'>omnes</span> <span class='ocrx_word' id='word_1_151' title='bbox 2984 3918 3170 3994; x_wconf 87' lang='lat' dir='ltr'>Rec-</span> 
     </span>
     <span class='ocr_line' id='line_1_22' title="bbox 263 4039 3167 4136; baseline -0 -22"><span class='ocrx_word' id='word_1_152' title='bbox 263 4047 454 4114; x_wconf 87' lang='lat' dir='ltr'>tores</span> <span class='ocrx_word' id='word_1_153' title='bbox 527 4039 1060 4135; x_wconf 86' lang='lat' dir='ltr'>Ecclesiarum,</span> <span class='ocrx_word' id='word_1_154' title='bbox 1145 4039 1710 4136; x_wconf 82' lang='lat' dir='ltr'>Collegiatarum</span> <span class='ocrx_word' id='word_1_155' title='bbox 1736 4094 1762 4132; x_wconf 53' lang='grc' dir='ltr'>γ</span> <span class='ocrx_word' id='word_1_156' title='bbox 1837 4039 2435 4117; x_wconf 86' lang='lat' dir='ltr'>Conventualinm</span> <span class='ocrx_word' id='word_1_157' title='bbox 2490 4049 2563 4116; x_wconf 90' lang='lat' dir='ltr'>et</span> <span class='ocrx_word' id='word_1_158' title='bbox 2615 4040 3167 4136; x_wconf 86' lang='lat' dir='ltr'>Paroehialium‚</span> 
     </span>
     <span class='ocr_line' id='line_1_23' title="bbox 263 4161 3171 4256; baseline 0.001 -22"><span class='ocrx_word' id='word_1_159' title='bbox 263 4169 331 4235; x_wconf 89' lang='lat' dir='ltr'>et</span> <span class='ocrx_word' id='word_1_160' title='bbox 383 4163 640 4237; x_wconf 86' lang='lat' dir='ltr'>elerici</span> <span class='ocrx_word' id='word_1_161' title='bbox 711 4162 1033 4237; x_wconf 88' lang='lat' dir='ltr'>eiusdem</span> <span class='ocrx_word' id='word_1_162' title='bbox 1109 4163 1423 4238; x_wconf 83' lang='lat' dir='ltr'>civitatis</span> <span class='ocrx_word' id='word_1_163' title='bbox 1495 4161 2049 4256; x_wconf 85' lang='lat' dir='ltr'>Cracoviensis,</span> <span class='ocrx_word' id='word_1_164' title='bbox 2126 4171 2199 4238; x_wconf 97' lang='lat' dir='ltr'>et</span> <span class='ocrx_word' id='word_1_165' title='bbox 2250 4164 2758 4240; x_wconf 88' lang='lat' dir='ltr'>suburbiorum</span> <span class='ocrx_word' id='word_1_166' title='bbox 2828 4163 2959 4238; x_wconf 88' lang='lat' dir='ltr'>illa</span> <span class='ocrx_word' id='word_1_167' title='bbox 3013 4163 3171 4238; x_wconf 89' lang='lat' dir='ltr'>sine</span> 
     </span>
     <span class='ocr_line' id='line_1_24' title="bbox 261 4273 3169 4361; baseline 0.001 -3"><span class='ocrx_word' id='word_1_168' title='bbox 261 4281 524 4360; x_wconf 66' lang='lat' dir='ltr'>fraude·</span> <span class='ocrx_word' id='word_1_169' title='bbox 569 4281 902 4359; x_wconf 74' lang='lat' dir='ltr'>tenentur</span> <span class='ocrx_word' id='word_1_170' title='bbox 951 4273 1470 4360; x_wconf 80' lang='lat' dir='ltr'>inviolabiliter</span> <span class='ocrx_word' id='word_1_171' title='bbox 1524 4275 1937 4360; x_wconf 63' lang='lat' dir='ltr'>observare.</span> <span class='ocrx_word' id='word_1_172' title='bbox 2034 4273 2265 4361; x_wconf 75' lang='lat' dir='ltr'>S&#39;eeus</span> <span class='ocrx_word' id='word_1_173' title='bbox 2318 4275 2671 4361; x_wconf 70' lang='lat' dir='ltr'>facientes</span> <span class='ocrx_word' id='word_1_174' title='bbox 2742 4282 3169 4360; x_wconf 73' lang='lat' dir='ltr'>senteutiam</span> 
     </span>
     <span class='ocr_line' id='line_1_25' title="bbox 263 4395 3167 4508; baseline 0 -27"><span class='ocrx_word' id='word_1_175' title='bbox 263 4408 1060 4502; x_wconf 82' lang='lat' dir='ltr'>excommunicationis,</span> <span class='ocrx_word' id='word_1_176' title='bbox 1127 4432 1172 4482; x_wconf 89' lang='lat' dir='ltr'>a</span> <span class='ocrx_word' id='word_1_177' title='bbox 1226 4431 1368 4504; x_wconf 89' lang='lat' dir='ltr'>qua</span> <span class='ocrx_word' id='word_1_178' title='bbox 1438 4420 1588 4481; x_wconf 75' lang='lat' dir='ltr'>non·</span> <span class='ocrx_word' id='word_1_179' title='bbox 1652 4395 1798 4481; x_wconf 75' lang='lat' dir='ltr'>nisi</span> <span class='ocrx_word' id='word_1_180' title='bbox 1865 4410 1964 4482; x_wconf 75' lang='lat' dir='ltr'>ab*</span> <span class='ocrx_word' id='word_1_181' title='bbox 2030 4407 2403 4508; x_wconf 85' lang='lat' dir='ltr'>Episcopo</span> <span class='ocrx_word' id='word_1_182' title='bbox 2475 4407 2760 4484; x_wconf 89' lang='lat' dir='ltr'>absolvi</span> <span class='ocrx_word' id='word_1_183' title='bbox 2831 4407 3167 4506; x_wconf 89' lang='lat' dir='ltr'>poterint,</span> 
     </span>
     <span class='ocr_line' id='line_1_26' title="bbox 265 4529 3169 4636; baseline 0.001 -34"><span class='ocrx_word' id='word_1_184' title='bbox 265 4529 590 4604; x_wconf 85' lang='lat' dir='ltr'>incidunt</span> <span class='ocrx_word' id='word_1_185' title='bbox 660 4531 826 4627; x_wconf 91' lang='lat' dir='ltr'>ipso</span> <span class='ocrx_word' id='word_1_186' title='bbox 904 4531 1099 4604; x_wconf 83' lang='lat' dir='ltr'>facto</span> <span class='ocrx_word' id='word_1_187' title='bbox 1155 4538 1227 4604; x_wconf 90' lang='lat' dir='ltr'>et</span> <span class='ocrx_word' id='word_1_188' title='bbox 1277 4552 1583 4628; x_wconf 86' lang='lat' dir='ltr'>poenam</span> <span class='ocrx_word' id='word_1_189' title='bbox 1643 4530 2213 4636; x_wconf 29' lang='lat' dir='ltr'>‘irregularitatis</span> <span class='ocrx_word' id='word_1_190' title='bbox 2286 4529 2714 4605; x_wconf 81' lang='lat' dir='ltr'>contrahunt</span> <span class='ocrx_word' id='word_1_191' title='bbox 2777 4531 3169 4606; x_wconf 84' lang='lat' dir='ltr'>violatores</span> 
     </span>
     <span class='ocr_line' id='line_1_27' title="bbox 261 4640 3169 4751; baseline 0 -26"><span class='ocrx_word' id='word_1_192' title='bbox 261 4649 715 4745; x_wconf 87' lang='lat' dir='ltr'>huiusmodi,</span> <span class='ocrx_word' id='word_1_193' title='bbox 773 4676 818 4726; x_wconf 89' lang='lat' dir='ltr'>a</span> <span class='ocrx_word' id='word_1_194' title='bbox 874 4675 1016 4748; x_wconf 88' lang='lat' dir='ltr'>qua</span> <span class='ocrx_word' id='word_1_195' title='bbox 1072 4652 1212 4727; x_wconf 86' lang='lat' dir='ltr'>nisi</span> <span class='ocrx_word' id='word_1_196' title='bbox 1285 4675 1416 4750; x_wconf 90' lang='lat' dir='ltr'>per</span> <span class='ocrx_word' id='word_1_197' title='bbox 1484 4641 1746 4727; x_wconf 84' lang='lat' dir='ltr'>Sedem</span> <span class='ocrx_word' id='word_1_198' title='bbox 1815 4650 2318 4750; x_wconf 88' lang='lat' dir='ltr'>Apostolicam</span> <span class='ocrx_word' id='word_1_199' title='bbox 2392 4676 2552 4728; x_wconf 89' lang='lat' dir='ltr'>eum</span> <span class='ocrx_word' id='word_1_200' title='bbox 2628 4640 3169 4751; x_wconf 83' lang='lat' dir='ltr'>dispensatione</span> 
     </span>
     <span class='ocr_line' id='line_1_28' title="bbox 263 4770 680 4849; baseline 0.005 -3"><span class='ocrx_word' id='word_1_201' title='bbox 263 4770 680 4849; x_wconf 89' lang='lat' dir='ltr'>liberentur.</span> 
     </span>
    </p>
   </div>
  </div>
 </body>
</html>
