4055 6364
1409 752 1989 831 -105—

232 988 417 1062 pum
476 963 879 1059 derelictae,
934 960 1027 1037 ad
1084 964 1441 1061 peculium
1495 964 1728 1063 ipsius
1783 970 2220 1065 spectantes,
2277 970 2401 1040 aut
2454 986 2546 1038 ex
2591 961 2804 1040 Anno
2855 966 3162 1063 gratiae,

236 1086 367 1161 vel
423 1108 851 1183 quocunque
902 1084 1117 1161 modo
1154 1084 1248 1161 ad
1285 1110 1447 1162 eum
1503 1088 1965 1186 pertinentes,
2021 1110 2155 1185 per
2207 1092 2448 1162 certos
2501 1088 2912 1185 Deputatos
2963 1110 3164 1185 suos,

240 1230 379 1283 eos
438 1230 608 1281 vero
662 1207 1137 1305 potissimum,
1192 1209 1259 1283 si
1310 1209 1383 1283 id
1424 1212 1797 1286 commode
1849 1212 2008 1287 fieri
2061 1210 2346 1308 poterit,
2403 1209 2526 1306 qui
2580 1216 2825 1285 essent
2868 1209 2960 1284 de
2996 1233 3162 1307 gre-

234 1329 393 1405 mio
450 1326 788 1427 Capituli,
844 1328 1230 1425 diligenter
1274 1333 1654 1429 provideat
1706 1341 1779 1408 et
1838 1356 2058 1433 super
2111 1332 2442 1409 omnibus
2478 1339 2552 1405 et
2587 1329 2896 1426 singulis
2951 1355 3162 1429 prae-

236 1452 495 1527 missis
528 1451 1015 1527 Inventarium
1053 1451 1443 1547 sufficienS,
1483 1452 1807 1529 adhibito
1844 1454 2149 1531 Notario
2186 1463 2260 1530 et
2293 1454 2622 1547 testibus,
2662 1452 2920 1528 confici
2957 1477 3156 1527 man·

236 1574 371 1649 det
426 1582 499 1649 et
548 1582 905 1671 procuret.
999 1573 1287 1648 Deinde
1340 1576 1413 1648 in
1471 1573 1811 1673 Capitulo
1864 1578 2192 1674 generali
2243 1576 2571 1676 proxime
2626 1576 2930 1651 affuturo
2987 1572 3161 1678 (nisi

235 1705 531 1793 tempus
582 1704 654 1771 et
706 1695 891 1770 ratio
946 1695 1400 1789 maturiorem
1472 1698 2005 1795 expeditionem
2081 1698 2388 1775 suadere
2451 1696 2838 1800 videbitur)
2893 1698 2986 1775 de
3040 1722 3157 1776 as-

237 1844 467 1895 sensu
520 1818 856 1895 Fratrum
913 1817 1003 1895 de
1056 1820 1336 1914 gremio
1388 1820 1683 1896 maioris
1738 1829 1810 1897 et
1862 1822 2172 1898 senioris
2207 1821 2458 1921 partis,
2516 1845 2604 1895 ea
2659 1820 2898 1897 omnia
2951 1820 3158 1897 dere·

234 1941 423 2016 licta
474 1941 772 2016 arbitrio
810 1964 945 2017 suo
982 1940 1374 2039 dispenset,
1432 1966 1617 2039 quae
1664 1941 2013 2020 'videlicet
2064 1952 2351 2044 praeter
2401 1944 2806 2040 impensam
2855 1944 3153 2055 funeris,

240 2064 781 2163 expeditionem
818 2065 1244 2140 servitorum
1285 2088 1411 2140 seu
1449 2065 1909 2141 familiarium
1947 2065 2301 2141 demortui
2337 2066 2710 2165 Episcopi,
2752 2072 2902 2140 tum
2940 2089 3160 2141 exso-

234 2188 589 2263 lutionem
640 2188 1067 2277 debitorum,
1122 2187 1411 2284 siquae
1466 2188 1925 2281 contraxerit,
1979 2195 2257 2263 restare
2311 2187 2764 2262 videbuntur.
2820 2186 2936 2261 Ea
2971 2188 3161 2262 enim

238 2311 489 2386 omnia
539 2311 695 2385 iure
750 2318 823 2385 et
876 2311 1061 2385 bene
1117 2310 1374 2385 merito
1430 2311 1630 2407 prius
1696 2310 1935 2385 curari
1989 2309 2294 2404 debent,
2351 2310 2552 2386 illico
2607 2309 2824 2384 etiam
2877 2310 2944 2386 si
3001 2310 3163 2386 fieri

234 2441 487 2531 potest
540 2440 707 2531 post
760 2432 1200 2530 sepulturam
1253 2433 1390 2507 rite
1445 2434 1859 2531 perfectam.
1929 2429 2312 2509 Caeterum
2365 2430 2804 2508 Venerabile
2859 2430 3154 2530 Capitu-

232 2555 394 2629 lum
446 2555 521 2629 in
575 2554 1119 2652 dispensatione
1174 2553 1679 2630 derelictorum
1753 2554 2148 2649 eiusmodi,
2223 2556 2288 2629 si
2341 2577 2526 2652 quae
2581 2554 2940 2651 expeditis
2994 2577 3159 2653 pro-

234 2679 439 2752 xime
492 2677 926 2753 enumeratis
981 2677 1505 2776 superfuerint,
1580 2678 1886 2775 primam
1938 2678 2288 2753 rationem
2363 2676 2660 2753 habebit
2714 2677 3160 2773 captivorum

236 2808 315 2875 et
370 2799 673 2874 aliarum
746 2799 1261 2874 miserabilium
1318 2823 1807 2897 personarum.
1891 2800 2181 2875 Deinde
2236 2800 2553 2895 curabit,
2612 2806 2692 2873 ut
2743 2798 2988 2896 aliqua
3037 2800 3161 2900 pia

234 2930 314 2997 et
366 2922 677 2998 honesta
728 2922 1005 2997 ratione
1056 2922 1133 2995 in
1186 2921 1526 2997 Ecclesia
1580 2921 2090 3018 Cracoviensi‚
2147 2932 2489 3020 tanquam
2543 2944 2818 3021 sponsa
2871 2922 3156 3019 mortui,

228 3052 456 3141 grata
509 3053 583 3120 et
636 3044 1074 3143 sempiterna
1126 3045 1469 3119 memoria
1530 3046 1728 3121 illius
1781 3046 2252 3143 relinquatur.
2341 3044 2571 3119 Dabit
2622 3044 2930 3141 denique
2983 3066 3157 3144 ope·

231 3192 438 3260 ram,
496 3167 560 3243 si
614 3191 697 3243 se
748 3167 967 3243 latius
1038 3166 1423 3244 facultates
1493 3168 1882 3245 derelictae
1956 3168 2450 3264 extenderint,
2506 3175 2585 3244 ut
2637 3167 3159 3265 consanguinei

232 3291 505 3368 mortui
558 3291 795 3386 magis
848 3291 1280 3386 indigentes,
1336 3292 1715 3388 religionis
1768 3292 2196 3388 catholicae,
2252 3289 2491 3388 quoad
2551 3291 2710 3368 eius
2752 3291 2911 3366 fieri
2948 3298 3157 3390 pote·

230 3415 359 3510 rit,
417 3413 850 3507 condignam
905 3414 1470 3489 consolationem
1524 3416 1796 3491 referre
1851 3416 2158 3512 possint.
3001 3485 3006 3496 .

452 3535 612 3611 Nos
664 3537 909 3633 itaque
962 3537 1548 3635 praenominatus
1602 3537 2017 3635 Episcopus
2068 3537 2597 3637 praeinsertum
2652 3533 3007 3614 Statutum
3053 3537 3158 3613 uti

230 3661 507 3736 iustum
546 3665 619 3734 et
650 3659 1049 3753 legitimum
1093 3681 1257 3733 esse
1298 3658 1845 3757 perspicientes,
1886 3660 1959 3735 in
1994 3660 2176 3735 illud
2212 3683 2302 3734 ac
2339 3659 2402 3734 si
2441 3658 2586 3756 ipsi
2621 3666 3044 3756 praesentes
3078 3658 3153 3733 in

234 3781 585 3880 Capitulo
635 3780 985 3876 generali,
1044 3779 1135 3855 de
1174 3803 1317 3876 quo
1352 3781 1426 3854 in
1464 3789 1857 3857 memorato
1896 3780 2179 3857 Statuto
2215 3783 2409 3856 facta
2446 3789 2558 3856 est
2592 3781 2881 3875 mentiO,
2935 3781 3154 3856 inter-

230 3904 655 3996 fuissemus,
694 3903 1005 3979 libenter
1042 3903 1553 3996 consentimus,
1608 3905 1989 4003 ipsumque
2037 3903 2466 3980 authoritate
2505 3910 2754 3978 nostra
2789 3901 3154 3978 ordinaria

232 4029 729 4125 approbamus
767 4033 839 4101 et
866 4026 1388 4118 confirmamus,
1428 4025 1923 4122 decernentes,
1963 4036 2044 4103 ut
2069 4028 2215 4102 vim
2256 4034 2328 4102 et
2352 4027 2574 4102 robur
2599 4033 2992 4124 perpetuae
3029 4025 3150 4101 fir-

230 4148 517 4224 mitatis
571 4149 909 4224 obtineat.
967 4149 1052 4222 In
1089 4149 1294 4223 cuius
1349 4150 1456 4224 rei
1489 4149 1703 4224 fidem
1745 4158 1818 4227 et
1853 4150 2155 4242 evidens
2189 4148 2673 4226 testimonium
2726 4155 3153 4246 praesentes

228 4272 495 4346 literas
530 4294 743 4345 manu
779 4271 1075 4368 propria
1112 4271 1676 4368 subscripsimus
1714 4280 1785 4346 et
1820 4272 2067 4368 sig-illo
2103 4279 2352 4347 nostro
2392 4293 2720 4369 appenso
2759 4271 3150 4347 communi·

229 4396 501 4470 vimus.
543 4393 810 4468 Datum
841 4417 931 4467 ex
957 4390 1153 4467 Arce
1180 4400 1431 4468 nostra
1458 4392 2011 4489 Bodzacinensi,
2052 4394 2195 4469 Die
2223 4392 2616 4469 tredecima
2642 4392 2922 4468 Mensis
2949 4392 3148 4467 Mar-

229 4517 349 4611 tii,
398 4513 610 4590 Anno
644 4515 943 4591 Domini
977 4514 1368 4590 Millesimo
1405 4514 2003 4610 Quingentesimo
2053 4513 2606 4613 Septuagesimo
2645 4522 2874 4590 sexto.
2924 4514 3146 4591 Prae·

230 4638 571 4714 sentibus
604 4637 1056 4712 Reverendis
1092 4661 1180 4712 ac
1215 4637 1800 4729 Venerabilibus‚
1860 4636 2264 4742 Generosis
2303 4661 2390 4712 ac
2426 4636 2816 4713 Nobilibus
2859 4636 2916 4714 J
2917 4661 3149 4714 oanne

228 4759 642 4836 Krasinski
696 4757 1135 4855 Gnesnensi‚
1192 4758 1687 4854 Cracoviensi,
1744 4757 2270 4858 Christophoro
2323 4749 2653 4834 Podoski
2705 4757 3144 4856 Gruesnensi,

232 4881 754 4974 Cracoviensi,
825 4881 1110 4957 Jacobo
1162 4881 1550 4980 Udryczki
1622 4863 2094 4960 Cracoviensi
2148 4889 2220 4957 et
2273 4881 2536 4956 Curiae
2607 4890 2900 4957 nostrae
2955 4881 3145 4958 Can-

234 5003 543 5079 cellario
565 5061 585 5098 ,
657 5002 1087 5098 Canonicis,
1146 5003 1538 5094 Laurentio
1590 5003 1975 5081 Pontificio
2029 5005 2328 5080 Phisico
2391 5012 2674 5099 nostro,
2731 5013 2804 5081 et
2857 5004 2910 5080 J
2913 5003 3145 5081 oanne

232 5124 638 5201 Wieliczki
671 5125 725 5201 J
726 5127 877 5201 uris
910 5126 1310 5224 Utriusque
1344 5127 1689 5222 Doctore,
1738 5127 2060 5204 Custode
2112 5126 2612 5224 Opatoviensi,
2667 5125 2952 5203 Jacobo
3005 5127 3142 5201 Za-

232 5247 491 5323 biczki
551 5245 1096 5325 Succamerario
1166 5249 1749 5345 Zakrocimensi‚
1813 5250 2122 5326 Alberto
2174 5249 2613 5345 Pegowski,
2689 5247 2969 5324 Mathia
3019 5248 3143 5324 Pi-

235 5369 724 5482 skomewski,
779 5371 1009 5448 Paulo
1064 5369 1473 5468 Crosliczki,
1526 5372 1840 5449 Mar-tino
1895 5371 2486 5466 Przeborowski,
2545 5369 2876 5448 Gotardo
2928 5369 3141 5445 Wro-

2753 5491 2834 5554 14
