4055 6364
2136 769 2710 846 -198—

969 981 1476 1078 versariorum,
1509 1004 1717 1057 unam
1737 981 2041 1057 Missam
2064 981 2327 1056 lectam
2348 981 2437 1054 de
2455 978 2804 1078 Requiem
2826 1003 2957 1076 per
2974 1002 3543 1076 unumquemque
3557 979 3881 1076 ipsorum

971 1103 1064 1180 de
1113 1101 1636 1178 Commuuitate
1688 1127 1831 1202 pro
1876 1103 2115 1179 anima
2169 1111 2438 1197 nostra,
2498 1109 2828 1176 currente
2878 1125 3127 1176 mense
3178 1102 3377 1177 Maio
3433 1109 3505 1175 et
3552 1099 3881 1198 Septem-

971 1225 1084 1302 bri
1138 1225 1502 1302 annuatim
1545 1227 1682 1302 sub
1733 1235 1938 1303 reatu
1993 1223 2503 1318 conscientiae,
2570 1223 2663 1298 ad
2716 1221 2971 1298 Altare
3021 1223 3557 1321 privilegiatum
3632 1223 3876 1298 absol·
4024 1313 4026 1316 Α

969 1345 1276 1424 vendam
1345 1347 1820 1446 imponimus:
1901 1348 2350 1444 requirentes
2430 1353 2573 1420 tam
2626 1343 3063 1420 Venerabile
3144 1343 3552 1442 Capitulum
3572 1401 3591 1438 ,
3666 1367 3876 1440 quam

972 1467 1572 1545 Communitatem
1609 1467 2085 1560 Vicariorum‚
2140 1476 2219 1543 ut
2252 1466 2774 1543 submissiones
2826 1468 2917 1542 de
2954 1466 3419 1563 acceptandis
3470 1463 3876 1542 huiusmodi
4023 1447 4026 1464 ³

973 1591 1578 1687 obligationibus,
1662 1613 1904 1666 coram
1973 1589 2185 1666 Actis
2256 1589 2687 1664 Consistorii
2756 1589 2987 1664 nostri
3066 1586 3581 1664 Cracoviensis
3652 1587 3874 1661 velint

979 1713 1499 1812 quamprimum
1554 1734 2103 1808 recognoscere,
2160 1719 2233 1786 et
2266 1711 2796 1804 recognitarum
2830 1711 3299 1784 instrumenta
3335 1707 3747 1784 authentica
3778 1706 3873 1781 ad

971 1858 1224 1911 manus
1289 1841 1578 1910 nostras
1643 1833 2148 1909 transmittere.
2230 1832 2318 1906 In
2370 1831 2648 1928 reliquo
2722 1837 3053 1928 optamus
3114 1832 3354 1930 plenis
3407 1829 3869 1928 praecordiis,

980 1964 1056 2032 ut
1090 1955 1208 2032 hic
1246 1978 1686 2051 congressus
1730 1955 2193 2032 consiliorum
2241 1953 2686 2049 generalium
2744 1953 3115 2050 auspicato
3168 1952 3521 2052 procedat
3575 1952 3867 2040 tramite,

971 2079 1308 2175 exituque
1361 2078 1606 2153 foelici
1681 2101 1840 2154 cum
1894 2079 2337 2152 incremento
2411 2075 2646 2152 cultus
2718 2075 2966 2148 Divini
3038 2099 3125 2148 ac
3180 2075 3431 2150 maiori
3496 2074 3751 2150 decore
3803 2082 3871 2148 et

972 2201 1484 2299 praerogativa
1538 2197 1868 2300 Sponsae
1921 2207 2212 2274 nostrae
2267 2197 2732 2272 charissimae
2786 2198 3223 2273 terminetur.

1181 2322 1232 2400 J
1237 2346 1329 2398 an
1381 2321 1510 2396 Ma
1521 2321 1954 2416 lachormki,
2010 2319 2293 2419 Biskup
2348 2319 2800 2395 krakowski.
2858 2315 2953 2420 (L
2990 2315 3098 2422 S.)

1646 2545 2345 2622 Decretum
2400 2545 3197 2640 aocepfioniS-

1179 2687 1678 2762 Perrillustres
1727 2695 1800 2761 et
1831 2684 2449 2763 Reverendissimi
2501 2685 2797 2760 Domini
2852 2679 3212 2760 Summam
3269 2684 3578 2760 Centum
3632 2685 3871 2759 decem

973 2809 1274 2885 millium
1325 2808 1758 2884 florenorum
1813 2809 1888 2882 in
1927 2809 2139 2884 bonis
2194 2806 2469 2906 Oppidi
2521 2807 2923 2906 Radomysl
2979 2816 3051 2881 et
3103 2808 3268 2882 aliis
3322 2831 3409 2882 eo
3464 2808 3867 2906 pertinenti-

970 2933 1108 3008 bus
1145 2930 1522 3026 Magnifici
1565 2931 1884 3026 Remigii
1917 2930 2430 3006 Woiakowski
2478 2928 2939 3026 Subdapiferi
2993 2929 3580 3004 Praemisliensis
3626 2929 3869 3003 haere-

973 3052 1272 3148 ditariis,
1335 3053 1726 3128 accedente
1787 3076 2137 3151 expresso
2194 3074 2551 3128 consensu
2612 3043 3090 3126 Illustrissimi
3142 3059 3215 3126 et
3263 3050 3875 3126 Reverendissimi

971 3175 1271 3252 Domini
1321 3173 1634 3252 Joannis
1690 3175 1780 3251 de
1833 3174 2361 3251 Malachowice
2416 3171 2951 3249 Malachowski
3022 3173 3375 3272 Episcopi
3444 3171 3870 3249 Cracovien-

971 3300 1114 3393 sis,
1197 3299 1430 3375 Ducis
1483 3295 1847 3392 severiae,
1901 3298 2093 3371 hanc
2164 3294 2525 3373 Summam
2620 3320 2751 3395 pro
2816 3297 3381 3393 obligationibus
3458 3296 3532 3369 in
3594 3296 3873 3394 punctis

973 3419 1296 3497 eiusdem
1368 3420 1853 3495 Illustrissimi
1915 3418 2375 3495 conferentis
2435 3420 2805 3517 expressis
2871 3428 2945 3493 et
3001 3442 3129 3516 per
3206 3416 3873 3493 Reverendissimos

971 3544 1354 3639 Dominos,
1409 3543 1810 3640 praemisso
1863 3551 2105 3619 mutuo
2144 3543 2447 3617 consilio
2500 3566 2589 3616 ac
2626 3542 3143 3617 deliberatione
3195 3540 3647 3640 praehabita,
3704 3563 3870 3613 con-

973 3665 1314 3741 cordibus
1360 3666 1551 3740 votis
1585 3666 2014 3763 acceptatis,
2074 3665 2319 3739 audita
2372 3664 2758 3739 revisionis
2809 3664 3069 3739 iurium
3118 3670 3189 3737 et
3222 3665 3569 3738 bonorum
3626 3685 3869 3759 supra-

972 3788 1405 3885 scriptorum
1463 3810 1593 3883 per
1643 3786 2325 3862 Reverendissimos
2380 3785 2735 3861 Dominos
2790 3784 3251 3884 Capitulares
3306 3786 3397 3859 ad
3451 3784 3525 3859 id
3582 3783 3870 3880 deputa-

974 3917 1090 3985 tos
1143 3909 1514 4001 relatione,
1589 3908 1725 3983 sub
1776 3908 2260 4007 Inscriptione
2322 3908 2743 3982 venditorca
2807 3931 3049 3982 coram
3105 3905 3313 3979 Actis
3366 3904 3871 3979 castrensibus

975 4030 1572 4129 Capitanealibus
1619 4029 2228 4119 Cracoviensibus
2281 4054 2413 4127 per
2450 4029 2751 4105 eundem
2805 4029 3269 4125 Magnificum
3327 4026 3871 4125 Subdapiferum

976 4153 1604 4229 Praemisliensem
1643 4152 2257 4247 recognoscenda,
2312 4153 2385 4226 in
2416 4150 2728 4227 Censum
2767 4152 3375 4249 reemptionalem,
3430 4148 3867 4246 suprascrip-

976 4276 1070 4351 tis
1125 4275 1610 4351 concordibus
1663 4276 1856 4349 votis
1909 4276 2062 4349 suis
2115 4275 2496 4350 locandam
2552 4274 3079 4349 concluserunt.

2224 4586 2631 4691 CCXLII.

979 4793 1360 4875 ordinatio
1417 4795 1697 4895 quotae
1753 4814 1847 4875 ex
1900 4795 2149 4878 censu
2208 4796 2671 4896 provenienti
2726 4792 3375 4896 septingentorum
3430 4795 3869 4876 florenorum

979 4915 1072 4997 de
1127 4914 1550 5017 Rauomyffl,
1609 4915 1967 4999 ministris
2023 4916 2563 5017 capitularibus
2622 4918 2705 4998 et
2756 4916 3377 5000 Vieecustodibus
3432 4915 3873 4998 cathedrali-

1259 5037 1422 5135 bus,
1479 5038 1686 5120 Anno
1745 5038 1947 5137 1697,
2003 5036 2319 5121 sabbati
2378 5040 2447 5120 ΙΙ.
2507 5041 2705 5137 Maii,
2764 5040 3088 5121 Decreto
3142 5040 3586 5121 constituta.

1186 5231 1301 5305 Ex
1340 5230 1584 5308 Censu
1621 5254 1859 5308 annuo
1899 5230 2527 5329 septingentorum
2564 5233 2993 5307 florenorum
3046 5231 3556 5330 polonicalium
3592 5256 3637 5305 a
3676 5228 3875 5306 Sum·

979 5378 1098 5432 ma
1158 5356 1454 5454 capitali
1547 5357 1818 5431 Decem
1902 5355 2202 5430 millium
2272 5355 2704 5431 florenorum
2774 5355 3121 5430 similium
3192 5377 3325 5453 pro
3397 5353 3879 5430 vindicatione
4024 5416 4026 5437 ,
