4055 6364
1263 738 1933 863 ‘-59-

259 1006 566 1097 potentes
619 998 938 1071 indebite
995 1004 1386 1093 occupatae
1455 996 1879 1089 detinentur,
1955 1019 2097 1069 non
2168 997 2443 1092 absque
2513 997 2861 1071 dictarum
2936 996 3132 1072 Grue-

257 1122 522 1195 snensis
596 1130 669 1193 et
741 1122 1363 1217 Suffraganearum
1439 1117 1930 1192 Ecclesiarum
2005 1111 2443 1211 gravissimo
2514 1118 2989 1215 praeiudicio,
3060 1129 3138 1193 et

256 1243 455 1317 divini
513 1242 750 1315 cultus
806 1240 1297 1314 diminutione.
1374 1238 1641 1313 Verum
1703 1241 1764 1313 si
1820 1246 2250 1314 statueretur
2303 1246 2375 1313 et
2429 1240 2899 1334 ordinaretur,
2964 1241 3134 1338 quia

257 1364 578 1462 deinceps
633 1362 1000 1461 perpetuis
1053 1362 1310 1435 futuris
1365 1361 1830 1457 temporibus,
1888 1359 2127 1433 nullus
2181 1362 2394 1435 etiam
2444 1362 2927 1459 cuiuscunque
2963 1386 3130 1457 gra-

253 1485 369 1560 dus
418 1486 536 1558 vel
592 1484 1026 1559 conditionis
1079 1485 1268 1557 foret
1321 1482 1412 1556 ad
1471 1480 1961 1557 Canonieatus
2015 1490 2089 1556 ct
2141 1482 2631 1573 Praebendas,
2691 1484 3128 1581 Dignitates,

253 1607 710 1698 Personatus,
789 1605 1471 1679 Administrationes
1527 1605 1642 1677 vel
1699 1602 1962 1679 Officia
2014 1604 2422 1681 huiusmodi
2477 1605 2752 1680 admitti
2810 1606 3127 1701 deberet,

251 1729 372 1801 nisi
422 1728 514 1801 de
567 1728 796 1801 nobili
847 1750 1115 1820 genere
1171 1752 1263 1801 ex
1316 1736 1618 1822 utroque
1675 1736 1972 1823 parente
2029 1736 2451 1824 procreatus
2505 1730 2731 1822 foret,
2799 1730 3129 1828 profecto

249 1850 373 1947 ipsi
425 1850 774 1925 Canonici
829 1849 1112 1923 nobiles
1166 1860 1580 1953 parentum,
1641 1849 2335 1942 consanguineorum
2394 1858 2466 1925 et
2516 1851 2904 1925 amicorum
2962 1875 3126 1927 suo-

249 1996 382 2046 rum
433 1973 806 2047 favoribus
862 1980 934 2044 et
988 1971 1278 2045 auxiliis
1334 1971 1649 2064 suffulti,
1704 1970 1866 2045 iura
1919 1980 1990 2044 et
2044 1972 2235 2045 bona
2288 1971 2719 2066 huiusmodi,
2776 1972 3129 2048 adversus

247 2094 508 2169 illorum
564 2104 1042 2191 occupatores
1099 2101 1170 2167 et
1224 2093 1634 2167 detentores
1689 2093 1893 2184 tueri,
1953 2100 2024 2165 et
2048 2103 2417 2191 occupata
2470 2117 2900 2192 recuperare
2957 2119 3123 2193 pos-

249 2224 408 2307 sent,
463 2216 681 2312 idque
735 2218 806 2289 in
864 2216 1115 2290 Divini
1170 2216 1404 2289 cultus
1458 2222 1915 2308 augmentum
1975 2215 2285 2309 cederet,
2344 2224 2415 2290 et
2451 2239 2592 2291 non
2632 2217 2863 2292 solum
2918 2242 3125 2316 prae·

245 2338 376 2412 fato
445 2336 908 2434 Sigismundo
982 2338 1210 2433 Regi,
1288 2336 1416 2411 sed
1490 2338 1705 2411 etiam
1786 2336 2250 2434 Principibus
2321 2348 2393 2413 et
2463 2338 2871 2414 Baronibus
2950 2340 3127 2415 dicti

243 2458 481 2553 Regni,
537 2482 836 2556 quorum
895 2461 1398 2557 progenitores
1453 2456 1884 2551 huiusmodi,
1945 2456 2449 2534 Gruesnensem
2500 2468 2571 2535 et
2608 2458 3123 2556 suffraganeas

245 2580 637 2672 EcclesiaS,
713 2594 788 2653 nt
843 2583 1246 2678 praefertur
1321 2582 1654 2655 dotarunt
1724 2582 2214 2675 gratissimum
2269 2584 2495 2677 foret,
2562 2587 2637 2657 et
2690 2606 2817 2658 eos
2874 2594 3122 2659 contra

245 2701 531 2798 Turcas,
588 2704 942 2778 Tartarus
998 2704 1323 2800 aliosque
1377 2702 1711 2777 infideles
1749 2711 1820 2776 et
1855 2700 2393 2798 Schismaticos,
2450 2705 2685 2779 dictae
2740 2706 3120 2782 Ecclesiae

242 2824 588 2901 Romanae
644 2827 1162 2919 inobedientes,
1220 2825 1511 2900 assidue
1567 2825 1948 2919 bellantes,
2005 2828 2241 2920 magis
2288 2851 2373 2901 ac
2411 2829 2645 2923 magis
2701 2852 2831 2926 pro
2871 2830 3117 2905 defen·

241 2948 424 3023 sione
495 2948 1062 3023 Christianitatis
1119 2960 1190 3023 et
1244 2950 1541 3022 tuitione
1615 2948 1853 3049 Regni
1927 2973 2014 3022 ac
2069 2951 2515 3045 protectione
2586 2952 2930 3026 bonorum
2987 2953 3115 3029 hu-

237 3068 522 3145 iusmodi
578 3072 1027 3146 accenderet.
1088 3069 1330 3160 Quare
1386 3093 1518 3168 pro
1574 3078 1774 3167 parte
1830 3069 2006 3144 dicti
2062 3068 2507 3166 Sigismundi
2559 3072 2825 3168 Regis,
2882 3073 3117 3150 Nobis

238 3194 355 3266 fuit
402 3195 765 3269 humiliter
817 3193 1333 3290 supplicatum,
1403 3199 1502 3266 ut'
1533 3193 1720 3289 quod
1780 3193 2125 3291 deinceps
2180 3196 2421 3269 nullus
2475 3195 2566 3268 ad
2624 3193 3114 3272 Canonicatus

240 3325 301 3388 ct
347 3315 824 3406 Praebendas,
883 3316 1330 3410 Dignitates,
1395 3315 1878 3409 personatus,
1935 3315 2619 3392 Administrationes
2674 3319 2791 3392 vel
2847 3318 3115 3394 Officia

239 3433 707 3531 Gnesnensis‚
765 3447 836 3511 et
892 3434 1516 3531 Suffraganearum
1590 3436 2085 3513 Ecclesiarum
2158 3439 2567 3514 huiusmodi
2638 3439 2913 3514 admitti
2988 3441 3109 3516 de-

238 3559 404 3654 beat,
459 3562 595 3635 nisi
639 3561 726 3634 de
764 3560 988 3634 nobili
1026 3583 1292 3654 genere
1350 3583 1438 3632 ex
1494 3568 1795 3656 utroque
1851 3569 2148 3658 parente
2202 3570 2622 3658 procreatus
2674 3562 2910 3655 fuerit,
2966 3570 3108 3638 sta-

235 3687 414 3756 tuere
484 3692 556 3757 et
628 3682 1000 3774 ordinare,
1075 3705 1162 3754 ac
1216 3682 1402 3755 alias
1465 3682 1535 3755 in
1596 3683 2016 3779 praemissis
2088 3692 2487 3781 opportune
2560 3683 2944 3781 providere
3018 3683 3109 3760 de

235 3803 650 3901 benignitate
704 3804 1131 3902 Apostolica
1188 3803 1666 3899 dignaremur.
1726 3805 1884 3879 Nos
1935 3805 2177 3900 igitur,
2236 3807 2357 3903 qui
2410 3806 2902 3881 Ecclesiarum
2960 3831 3105 3882 om-

235 3927 404 4001 nium
444 3929 662 4002 decus
699 3950 785 4000 ac
824 3935 1292 4022 venustatem,
1351 3950 1438 3999 ac
1473 3927 1546 3999 in
1583 3927 1732 4000 illis
1770 3926 2019 4000 Divini
2058 3926 2292 4001 cultus
2330 3936 2785 4022 augmentum
2825 3951 3101 4018 earum—

233 4071 352 4143 que
403 4052 748 4124 bonorum
807 4051 1426 4123 conservationem
1483 4049 1787 4123 sinceris
1842 4049 2341 4124 desideramus
2395 4050 2803 4145 affectibus3
2859 4050 3099 4126 huius-

231 4172 405 4244 modi
458 4171 1105 4270 supplicationibus
1159 4172 1521 4264 inclinati,
1595 4172 2043 4245 Auctoritate
2100 4170 2530 4269 Apostolica
2593 4179 2839 4246 tenore
2893 4195 3099 4269 prae·

232 4293 510 4367 sentium
566 4293 948 4368 statuimus
1003 4302 1074 4367 et
1127 4293 1580 4389 ordinamus,
1657 4293 1848 4389 quod
1904 4293 1994 4367 de
2052 4302 2339 4368 caetero
2412 4293 2781 4390 perpetuis
2843 4294 3105 4369 futuris

229 4417 667 4512 temporibus,
725 4415 967 4490 nullus
1005 4417 1216 4489 etiam
1265 4416 1752 4512 cuiuscunque
1808 4423 2040 4490 status
2096 4424 2167 4490 et
2204 4415 2600 4510 dignitatis,
2655 4414 2929 4510 gradus
2983 4417 3103 4490 vel

228 4537 804 4630 praeeminentiae
878 4537 1179 4630 existat,
1255 4538 1396 4611 nisi
1468 4538 1555 4611 de
1629 4538 1854 4612 nobili
1922 4561 2191 4633 genere
2266 4560 2357 4611 ex
2425 4546 2729 4635 utroque
2800 4549 3101 4636 parente

228 4669 648 4752 procreatum
718 4668 789 4733 et
838 4659 1164 4754 legitimo
1237 4661 1692 4734 matrimonio
1765 4668 2005 4735 natum
2082 4683 2163 4735 se
2216 4661 2373 4734 fore
2444 4659 2743 4753 doceat,
2820 4661 3100 4737 duobus

226 4779 288 4852 in
337 4780 738 4876 Theologia
791 4781 1168 4876 Magistris
1223 4790 1294 4855 et
1325 4781 1510 4868 ‚aliis
1567 4783 1848 4857 duobus
1901 4783 1973 4856 in
2032 4789 2333 4879 utroque
2370 4783 2487 4856 vel
2528 4782 2757 4857 altero
2810 4781 2859 4858 ,J
2872 4785 3097 4858 urium

227 4900 642 4979 Doctoribus
697 4915 768 4978 et
819 4904 1112 5002 peritis,
1187 4929 1276 4978 ae
1330 4904 1420 4977 ad
1477 4905 1953 5000 Magistratus
2008 4913 2079 4979 et
2138 4907 2575 4979 Doctoratus
2644 4905 2949 4999 gradum
3021 4907 3098 4980 in

227 5023 444 5121 aliqua
481 5027 969 5102 Universitate
1027 5025 1259 5100 Studii
1297 5028 1666 5120 generalis
1703 5028 2051 5124 promotis
2092 5026 2457 5120 duntaxat,
2508 5027 2854 5123 exceptis,
2913 5050 3096 5123 quos

229 5157 506 5240 quatuor
572 5163 650 5225 ut
719 5149 1193 5246 praemittitur
1265 5150 1716 5244 qualificatos
1785 5150 1999 5225 iustis
2071 5159 2309 5225 tamen
2380 5150 2608 5224 titulis
2661 5150 2731 5224 in
2791 5158 3096 5245 quatuor

227 5265 783 5363 canonicatibus,
839 5278 912 5346 et
948 5269 1239 5345 totidem
1299 5271 1748 5346 praebendis
1799 5273 1874 5346 in
1931 5273 2241 5368 singulis
2298 5267 2758 5346 Gnesnensis
2813 5280 2885 5344 ct
2922 5267 3089 5345 Suf-

226 5387 698 5488 fraganearum
735 5394 1228 5470 Ecclesiarum
1271 5393 1795 5492 praedictarum
1832 5418 1964 5493 pro
2003 5394 2285 5471 duobus
2322 5394 2699 5492 Magistris
2735 5392 2807 5467 in
2844 5391 3086 5469 Theo-
