4055 6364
1513 743 2029 826 ...11—

301 964 610 1039 mortem
660 980 754 1035 ac
802 980 942 1060 pro
989 978 1166 1035 suae
1218 956 1500 1034 animae
1562 956 1884 1034 remedio
1954 955 2437 1035 eleemosinas
2502 956 2746 1034 facere
2814 956 2960 1057 piis
3025 956 3216 1034 locis
3276 961 3283 969 '

303 1105 442 1183 pro
495 1104 672 1159 suae
721 1080 934 1159 libitu
986 1078 1408 1157 voluntatis.
1463 1078 1678 1172 Quod
1715 1080 1780 1156 si
1816 1079 2176 1181 quispiam
2227 1078 2759 1179 praedictorum
2791 1080 2981 1157 forte
3019 1077 3213 1177 quod

309 1204 506 1280 absit
557 1202 958 1280 decesserit
1009 1204 1392 1280 intestatus
1409 1257 1433 1295 ,
1507 1202 1884 1280 statuimus
1937 1211 2011 1279 et
2061 1202 2478 1280 ordinamus
2531 1198 2725 1300 quod
2784 1199 3213 1279 Procurato-

301 1350 426 1403 res
477 1324 800 1426 Capituli
849 1325 1082 1401 nostri
1133 1322 1664 1419 Cracoviensis,
1739 1326 1862 1422 qui
1913 1324 2183 1401 fuerint
2259 1348 2392 1422 pro
2444 1332 2787 1423 tempore,
2843 1323 2937 1400 de
2991 1325 3203 1404 bonis

301 1446 700 1548 praedictis
770 1446 1274 1523 convertendis
1342 1471 1478 1548 pro
1538 1448 1859 1546 praemio
1914 1443 2300 1523 Servatum
2356 1446 2673 1523 defuncti
2690 1503 2707 1537 ,
2781 1454 2907 1523 aut
2972 1448 3207 1547 ipsius

305 1567 574 1645 debitis
646 1568 1071 1645 exolvendis
1124 1592 1257 1645 seu
1309 1568 1826 1647 distribuendis
1875 1570 1951 1646 in
2004 1593 2183 1646 usus
2233 1592 2629 1669 pauperum
2681 1577 2760 1645 ut
2809 1571 3217 1669 praefertur

300 1691 536 1768 libere
585 1690 1078 1786 intromittant,
1135 1714 1367 1790 eoque
1419 1693 1635 1786 facto,
1699 1691 2012 1767 fideliter
2062 1692 2467 1767 inventario
2502 1698 2935 1767 conservent
2983 1714 3213 1792 usque

303 1811 400 1888 ad
453 1812 799 1908 generale
853 1809 1264 1912 Capitulum
1319 1813 1646 1912 proxime
1699 1815 2103 1908 affuturum,
2159 1820 2233 1888 et
2280 1820 2447 1888 tunc
2501 1810 2590 1887 de
2629 1812 2935 1889 consilio
2990 1812 3212 1913 Capi·

297 1934 438 2011 tuli
488 1934 722 2033 ipsius
775 1942 850 2009 et
900 1957 1230 2029 assensu,
1308 1938 1502 2012 bona
1555 1936 1810 2011 eadem
1861 1936 1939 2011 in
1991 1937 2156 2035 pios
2209 1956 2387 2013 usus
2441 1942 2949 2013 convertantur
3001 1946 3213 2035 prout

301 2058 526 2134 saluti
560 2063 634 2133 et
665 2056 1020 2154 profectui
1074 2057 1392 2135 defuncti
1427 2058 1782 2158 praedicti
1816 2059 2065 2136 utilius
2102 2057 2437 2151 viderint,
2497 2056 2862 2155 expedire.
2919 2054 3003 2133 Si
3046 2062 3207 2155 quis
3302 2046 3307 2051 ’

297 2186 544 2259 autem
595 2178 789 2255 bona
841 2176 1094 2255 eadem
1146 2180 1223 2255 in
1278 2190 1484 2279 parte
1538 2182 1656 2256 vel
1707 2180 1784 2255 in
1835 2188 1988 2257 toto
2042 2202 2299 2280 rapere
2354 2188 2427 2256 et
2462 2202 2819 2279 occupare
2872 2178 2968 2255 de
3010 2181 3206 2257 facto

299 2299 915 2401 praesumpserit,
998 2309 1123 2378 aut
1190 2302 1629 2379 voluntatem
1704 2302 2025 2379 ultimam
2096 2326 2229 2379 seu
2299 2301 2821 2378 ordinationem
2893 2298 3211 2411 Capituli

301 2422 538 2498 nostri
591 2421 944 2520 praedicti
995 2402 1116 2499 vel
1167 2422 1721 2501 Procuratorum
1772 2424 2008 2523 ipsius
2057 2425 2135 2500 in
2169 2423 2595 2525 praemissis
2645 2424 3214 2522 praesumpserit

297 2542 680 2643 impedire,
736 2552 1026 2643 praeter
1075 2567 1353 2645 poenas
1418 2548 1809 2623 canonicas
1879 2555 2133 2623 contra
2184 2548 2372 2623 tales
2426 2544 2844 2622 solemniter
2892 2544 3209 2644 promul·

302 2674 548 2763 gatas,
605 2667 1366 2744 excommunicationis
1401 2668 1696 2745 maioris
1739 2671 2167 2785 sententiam
2202 2671 2521 2746 incurrat
2553 2667 2717 2767 ipso
2750 2666 2949 2743 facto
2985 2691 3030 2742 a
3066 2690 3211 2765 qua

299 2789 452 2865 nisi
502 2788 998 2891 satisfactione
1050 2791 1450 2889 praemissa
1503 2792 1702 2868 etde
1757 2814 2119 2869 consensu
2172 2791 2489 2891 Capituli
2541 2790 2773 2868 nostri
2824 2786 3205 2889 praedicti,

301 2933 454 2987 non
502 2882 750 2987 valeat
798 2910 1117 2988 liberari.

1656 3243 1900 3351 XV.;3
1969 3227 1978 3237 ’

1199 3451 1306 3546 ue
1362 3451 1734 3545 electione
1790 3450 2339 3557 episcoporum.

345 3571 642 3658 (luat-to
711 3568 880 3659 idus
935 3571 1102 3674 Maii
1168 3573 1546 3658 millesimo
1598 3574 2142 3661 Tricentesimo
2207 3574 2831 3679 auinquanasimo
2895 3576 3160 3660 Sexto.

518 3781 877 3875 Quoniam
930 3784 1257 3860 nonnulli
1308 3783 1965 3863 Praedecessorum
2035 3794 2443 3864 nostrorum
2497 3787 2851 3885 quasdam
2902 3809 3207 3863 consue·

291 3905 595 3983 tudines
647 3912 722 3982 et
772 3906 1246 3982 rationabiles
1297 3908 1802 3984 observantias
1853 3907 2191 3985 Fratrum
2242 3916 2673 4006 nostrorum,
2728 3907 3047 4010 Capituli
3098 3904 3206 3986 vi·

293 4029 574 4105 delicet
640 4025 1153 4105 Cracoviensis
1204 4037 1284 4104 ut
1332 4030 1714 4128 plurimum
1781 4039 2036 4107 contra
2086 4033 2323 4107 Deum
2378 4041 2451 4107 et
2498 4031 2841 4107 iustitiam
2894 4033 3206 4128 abroga-

295 4153 520 4246 bant,
594 4151 683 4226 de
758 4151 1018 4248 quibus
1087 4159 1258 4227 tunc
1308 4152 1384 4227 in
1438 4152 1838 4229 minoribus
1909 4154 2277 4256 constituti
2348 4154 2956 4252 compatiebamur
3026 4176 3210 4253 puro

296 4273 552 4367 corde,
605 4297 796 4350 nunc
830 4296 1004 4349 vero
1042 4272 1135 4349 ad
1175 4274 1458 4349 culmen
1507 4273 1959 4351 Pontificalis
1994 4271 2366 4372 dignitatis
2403 4277 2567 4351 Deo
2611 4276 2900 4351 volente
2946 4275 3204 4368 evecti,

297 4397 642 4472 omnibus
711 4402 786 4471 et
845 4395 1157 4491 singulis
1224 4396 1506 4473 iniuriis
1576 4418 1710 4494 per
1778 4396 2401 4474 Praedecessores
2470 4405 2759 4474 nostros
2827 4396 3207 4474 Fratribus

293 4518 580 4594 nosti-Is
631 4524 710 4592 ut
761 4517 1236 4615 praemittitur
1285 4518 1534 4615 factis,
1608 4518 1698 4594 de
1755 4520 2016 4618 quibus
2068 4529 2235 4597 ante
2290 4520 2712 4598 dolebamus
2730 4577 2749 4616 ,
2820 4519 3210 4597 salubriter

297 4639 692 4716 consulere
753 4647 828 4715 et
878 4662 1258 4717 occurrere
1329 4641 1702 4740 cupientes
1725 4698 1744 4732 ‚
1817 4665 2180 4719 consensu
2248 4641 2583 4744 Fratrum
2653 4651 3058 4719 nostrorum
3112 4637 3209 4718 ad

293 4759 450 4838 hoc
501 4759 895 4838 accedente
964 4761 1342 4838 statuimus
1394 4763 1739 4840 articulos
1789 4765 2324 4865 infrascriptos,
2382 4789 2512 4864 per
2563 4764 2723 4842 Nos
2776 4774 2849 4842 et
2899 4762 3207 4845 Succes-

295 4906 520 4962 sores
587 4892 878 4961 nostros
942 4885 1313 4984 perpetuis
1365 4886 1805 4986 temporibus
1876 4887 2395 4981 observandos,
2468 4887 2605 4965 sub
2673 4884 3026 4987 praestito
3074 4907 3213 4988 per

297 5006 476 5083 Nos
528 5012 602 5082 et
651 5005 954 5082 Fratres
1021 5017 1313 5085 nostros
1384 5008 1476 5085 de
1547 5007 1988 5086 obsevandis
2055 5018 2437 5109 perpetuo,
2511 5009 2812 5086 eiisdem
2881 5009 3211 5088 articulis

297 5127 674 5228 corporali
732 5127 1172 5225 iuramento,
1243 5131 1670 5230 praesertim
1742 5155 1904 5208 cum
1970 5132 2282 5233 praefati
2350 5132 2636 5208 articuli
2703 5156 2849 5209 nou
2900 5141 3211 5229 vergant

295 5251 384 5327 in
438 5249 962 5350 praeiudicium
1033 5251 1416 5330 Ecclesiae
1484 5260 1560 5330 et
1609 5250 2101 5354 Episcopatus
2169 5254 2402 5331 nostri
2419 5311 2439 5350 ,
2504 5255 2821 5354 quinimo
2883 5255 2961 5331 in
3012 5277 3205 5332 com·

293 5371 600 5452 modum
649 5378 728 5452 et
771 5371 1132 5452 decorem.
1187 5373 1292 5454 Et
1329 5375 1568 5476 primo
1617 5374 2018 5475 statuimus,
2072 5376 2265 5476 quod
2304 5377 2607 5476 quilibet
2645 5377 2723 5454 in
2756 5375 3205 5479 Episcopum
