4055 6364
2156 735 2679 814 *40*

971 947 1242 1023 afficiat
1291 946 1392 1022 ad
1440 945 1893 1024 veniendum.
1949 947 2173 1024 Nulli·
2207 948 2507 1048 iusuper
2554 947 2890 1024 Fratrum
2942 956 3345 1026 nostrorum
3404 951 3681 1048 plures,
3737 952 3855 1029 sed

971 1093 1108 1144 nec
1180 1068 1370 1146 duae
1436 1071 1657 1146 villae
1719 1071 2347 1170 praestimoniales
2399 1071 2837 1170 capitulares
2908 1072 3388 1168 conferantur,
3468 1073 3685 1150 simul
3750 1075 3856 1150 vel

973 1193 1426 1289 successive3
1461 1193 1629 1269 ·sed
1686 1217 1847 1269 cum
1899 1193 2167 1292 aliquis
2238 1194 2574 1270 Fratrum
2648 1194 2896 1269 villam
2968 1194 3317 1292 potiorem
3392 1195 3749 1294 optaverit
3796 1203 3857 1271 et

973 1316 1362 1413 optinuerit
1414 1324 1487 1390 et
1539 1316 2078 1415 possessionem
2132 1317 2331 1392 illius
2366 1316 2746 1416 pacificam
2798 1317 3013 1392 fuerit
3064 1327 3517 1412 consecutae,
3572 1317 3693 1392 vel
3741 1340 3858 1415 per

973 1461 1132 1512 eum
1216 1439 1495 1514 steterit
1565 1439 1944 1534 quominus
2014 1461 2173 1514 eam
2254 1447 2753 1536 consequatur.
2835 1461 3005 1514 mox
3080 1439 3295 1532 villa,
3387 1463 3599 1536 quam
3670 1439 3857 1537 prius

973 1560 1201 1636 tenuit
1251 1561 1461 1636 alteri
1512 1560 1755 1636 Fratri
1806 1561 2007 1636 iuxta
2059 1561 2508 1637 vocationem
2565 1569 2637 1636 et
2688 1561 2965 1636 senium
3020 1585 3152 1659 per
3204 1559 3616 1660 Capitulum
3678 1584 3859 1636 more

975 1682 1190 1758 solito
1259 1683 1490 1758 libere
1544 1683 1976 1777 conferatur,
2051 1707 2264 1781 quam
2336 1708 2469 1782 per
2518 1683 3061 1758 assecutionem
3122 1682 3423 1758 alterius
3496 1705 3859 1759 censemus

973 1827 1258 1880 vacare.
1315 1805 1584 1880 Datum
1637 1803 2041 1881 Cracoviae
2090 1805 2168 1881 in
2220 1803 2562 1905 Capitulo
2614 1813 2863 1882 nostro
2916 1805 3245 1900 generali
3296 1828 3431 1904 pro
3483 1805 3677 1881 festo
3728 1802 3857 1880 Pu-

973 1926 1396 2002 rificationis
1432 1927 1786 2004 celebrari
1839 1928 2078 2024 solito,
2135 1926 2348 2003 Anno
2396 1927 2666 2040 domini
2717 1926 3111 2004 Millesimo
3167 1927 3860 2024 quadringentesimo

976 2049 1382 2126 Tricesimo
1437 2050 1672 2126 tertio.

2337 2377 2523 2482 L'li.

982 2591 1084 2672 De
1140 2589 1351 2673 modo
1409 2588 1951 2673 distributionis
2005 2589 2349 2672 villarum
2414 2587 3121 2691 praestimoniaiium
3141 2651 3165 2688 ,
3233 2588 3317 2672 et
3368 2588 3660 2690 quinam
3724 2586 3867 2670 sint

981 2730 1322 2816 capaces
1342 2712 1743 2796 earundem
1776 2733 1871 2795 ex
1901 2711 2222 2795 Dominis
2252 2710 2630 2796 Praelatio
2657 2710 2775 2794 vei
2806 2709 3197 2794 canonicis
3227 2708 3865 2795 cracovienaibus.

1190 2925 1546 3016 Quotiens
1599 2925 1691 3000 de
1743 2933 2033 3000 caetero
2084 2924 2399 3021 aliquam
2454 2945 2547 2998 ex
2597 2921 2823 2998 Villis
2876 2921 3419 3022 capitularibus
3490 2917 3867 3019 quomodo-

978 3048 1161 3123 libet
1212 3070 1474 3122 vacare
1529 3047 1952 3142 contigerit,
2009 3045 2442 3122 adveniente
2497 3044 2615 3120 die
2666 3045 2742 3121 in
2798 3066 2941 3142 quo
2992 3045 3195 3120 iuxta
3244 3045 3549 3121 formam
3620 3040 3872 3120 Statufi

983 3195 1204 3270 super
1255 3194 1344 3247 eo
1400 3170 1747 3265 confecti,
1821 3169 2040 3245 alicui
2108 3194 2201 3246 ex
2255 3168 2587 3244 Dominis
2656 3165 3070 3243 huiusmodi
3140 3167 3315 3243 villa
3387 3167 3703 3244 conferri
3755 3165 3869 3241 de·

981 3295 1256 3388 buerit,
1312 3293 1557 3369 audito
1610 3300 1780 3369 voto
1835 3315 1965 3369 seu
2019 3293 2211 3368 votis
2262 3291 2461 3367 illius
2513 3314 2645 3366 seu
2696 3291 2981 3366 illorum
3004 3345 3025 3385 ,
3082 3290 3206 3388 qui
3258 3292 3561 3366 eandem
3612 3290 3873 3366 habere

979 3418 1115 3493 'seu
1169 3424 1422 3515 optare
1475 3416 1786 3492 voluerit
1836 3423 1961 3491 aut
2011 3413 2409 3509 voluerint,
2468 3421 2730 3489 extunc
2782 3414 2849 3488 si
2900 3412 3311 3489 huiusmodi
3366 3422 3703 3512 optantes
3754 3436 3876 3489 scu

986 3540 1252 3637 aliquis
1307 3562 1552 3615 eorum
1579 3538 1809 3636 prius
1859 3537 2244 3613 habuerint
2296 3559 2427 3612 seu
2480 3534 2815 3611 habuerit
2886 3534 3103 3610 aliam
3156 3534 3404 3610 villam
3459 3536 3603 3612 sibi
3654 3560 3705 3610 a
3745 3533 3874 3611 Ga-

986 3663 1214 3761 pitulo
1269 3662 1716 3757 assignatam
1737 3718 1755 3755 ,
1821 3683 1959 3736 non
2017 3659 2144 3735 fiet
2194 3659 2323 3733 illo
2378 3658 2496 3733 die
2549 3657 2641 3733 de
2694 3658 2873 3732 villa
2926 3657 3297 3756 praedicta
3348 3657 3699 3755 provisio,
3753 3654 3879 3734 sed

988 3785 1357 3860 differatur
1409 3783 1499 3858 ad
1555 3783 1742 3859 diem
1781 3780 2274 3880 Capitularem
2327 3780 2751 3877 proximam,
2800 3789 2872 3855 et
2906 3779 3187 3854 interim
3241 3779 3611 3855 mittantur
3660 3777 3881 3876 aliqui

889 3943 896 3951 ·
987 3932 1079 3982 ex
1129 3906 1466 3982 Dominis
1519 3904 1610 3979 ad
1666 3902 2252 4003 conspiciendum
2308 3903 2555 3977 villam
2611 3901 3019 3979 huiusmodi
3072 3926 3203 4000 per
3244 3902 3447 3977 illum
3503 3902 3707 3999 prius
3758 3901 3879 3975 ha·

987 4030 1205 4105 bitam
1228 4086 1247 4124 ,
1319 4037 1397 4104 ut
1466 4027 1530 4104 si
1581 4027 1946 4102 inventum
1999 4025 2216 4101 fuerit
2284 4048 2417 4123 per
2469 4023 2761 4101 eosdem
2780 4082 2797 4116 ‚
2873 4024 3063 4122 quod
3140 4022 3555 4122 praedictus
3625 4032 3882 4121 optans

989 4152 1208 4226 villae
1262 4152 1526 4250 prioris
1579 4149 2064 4225 conditionem
2115 4148 2291 4223 fecit
2341 4146 2767 4237 meliorem‚·
2800 4146 2944 4221 sibi
2995 4146 3251 4221 merito
3305 4143 3396 4219 de
3450 4144 3599 4219 alia
3652 4144 3885 4242 possit

987 4274 1378 4372 provideri.
1470 4273 1550 4347 Si
1603 4295 1777 4346 vero
1829 4272 1972 4346 hoc
2042 4292 2186 4345 non
2240 4268 2413 4345 fecit
2482 4267 2613 4345 sed
2686 4270 2999 4343 fortasse
3074 4268 3501 4344 deteriorem
3570 4265 3886 4343 reddidit

987 4397 1236 4471 villam
1288 4396 1633 4495 priorem,
1690 4394 2083 4493 repellatur
2136 4418 2185 4467 a
2233 4392 2480 4490 petita,
2540 4399 2611 4467 et
2664 4391 2851 4465 alias
2904 4390 3239 4489 puniatur
3291 4388 3687 4465 secundum
3743 4389 3884 4465 for-

990 4542 1178 4594 mam
1244 4515 1504 4593 Stat-uti
1578 4516 2208 4615 supramemorati,
2280 4515 2424 4590 nisi
2490 4517 2676 4590 forte
2747 4513 3011 4610 aliquis
3080 4511 3613 4611 praedictorum
3682 4510 3887 4587 brevi

991 4618 1311 4738 tempore
1383 4640 1627 4714 villam
1699 4638 2015 4735 aliquam
2084 4638 2475 4727 tenuisset,
2556 4638 2661 4712 ita
2732 4633 2926 4734 quod
2994 4635 3249 4710 merito
3320 4656 3462 4709 non
3534 4630 3890 4731 potuisset

992 4762 1434 4862 praedictam
1486 4760 2049 4837 meliorationem
2102 4760 2414 4854 efficere,
2470 4766 2542 4833 et
2578 4759 2718 4834 hoc
2753 4758 3051 4834 arbitrio
3105 4754 3423 4855 Capituli
3476 4764 3891 4831 reservatur

980 4888 1132 4962 -hoc
1187 4886 1400 4985 etiam
1471 4884 1758 4959 adiecto
1811 4880 2003 4979 quod
2056 4881 2304 4957 villam
2359 4881 2600 4955 taliter
2649 4888 3028 4955 vacantem
3100 4887 3347 4976 petere
3400 4900 3545 4953 non
3599 4877 3887 4974 poterit,

995 5010 1117 5107 qui
1169 5016 1429 5105 expost
1496 5007 1776 5082 venerit
1827 5014 1899 5081 et
1949 5006 2199 5081 venire
2268 5004 2673 5102 neglexerit
2742 5003 2835 5079 ad
2892 5003 3081 5079 diem
3151 5000 3590 5100 praedictam
3668 5024 3893 5099 super

994 5130 1568 5207 distributionem
1619 5130 1777 5207 sive
1831 5128 2317 5227 provisionem
2372 5127 2591 5202 villae
2643 5124 3059 5225 praedictae
3126 5124 3520 5224 praefixam
3574 5130 3648 5197 et
3696 5123 3888 5199 assi-

991 5262 1307 5352 gnatam.
4017 5306 4020 5515 Ι
