4055 6364
1502 724 2066 800 -285—

532 928 640 994 De
684 929 1189 995 testamentis
1243 951 1373 1014 per
1428 931 1843 998 Praelatos
1908 933 1981 997 et
2029 930 2464 1001 Canonicos
2529 933 2913 1000 faciendis
2963 933 3234 1021 (Statut.

324 1031 525 1116 XIV),
604 1033 710 1099 ubi
774 1032 1130 1116 specialiter
1190 1036 1512 1118 praecipit,
1590 1035 1660 1101 ut
1702 1036 1851 1118 post
1910 1036 2256 1102 Intestatos
2319 1038 2601 1103 omnium
2664 1037 3102 1105 derelictorum
3173 1040 3238 1105 in

326 1136 819 1217 praestimoniis,
866 1136 1079 1202 fundis
1118 1140 1184 1203 et
1218 1138 1529 1218 domibus,
1584 1137 1870 1204 conficiat
1914 1139 2340 1205 Inventarium
2385 1140 2761 1207 Procurator
2808 1141 3103 1227 Capituli,
3155 1143 3234 1208 de

324 1238 401 1304 iis
446 1240 659 1305 tamen
708 1259 832 1306 non
879 1241 1225 1322 arbitrarie,
1278 1243 1389 1308 sed
1436 1243 1777 1309 secundum
1824 1243 2284 1325 beneplacitum
2333 1245 2645 1329 generalis
2692 1243 2969 1329 Capituli
3018 1248 3236 1330 dispo-

326 1344 456 1423 nat,
510 1344 673 1426 quod
723 1344 892 1410 idem
940 1345 1311 1429 explicatius
1354 1347 1621 1413 habetur
1664 1346 1731 1412 in
1786 1344 2038 1413 Statuto
2086 1348 2176 1413 de
2221 1349 2468 1415 tribus
2515 1348 2818 1415 Missis
2883 1350 3233 1435 (XXXIX).

537 1554 661 1641 De,
704 1542 1513 1621 distributionibus
1576 1555 2134 1638 quotidianis
2196 1556 2428 1623 inter
2490 1557 2998 1624 residentes
3060 1578 3237 1642 per·

329 1658 774 1723 sonaliter
835 1678 1095 1741 penes
1160 1658 1633 1725 Ecclesiam
1696 1659 2130 1725 faciendis
2187 1658 2452 1746 (Statut.
2486 1660 2745 1743 XXVI),
2794 1661 2902 1727 ubi
2947 1662 3236 1744 exprimi-

334 1760 437 1825 tur
480 1762 788 1827 motivum
833 1764 899 1827 et
941 1762 1143 1845 prima
1206 1762 1516 1828 institutio
1576 1760 1793 1827 talium
1864 1763 2396 1844 distributionum,
2466 1767 2780 1830 conversis
2836 1766 3007 1845 tunc,
3056 1765 3237 1832 Anno

329 1862 622 1929 videlicet
670 1862 858 1944 1399,
909 1865 1075 1931 villis
1120 1865 1736 1949 praestimonialibus
1802 1868 1879 1931 ad
1930 1886 2199 1931 massam
2251 1886 2645 1934 communem
2695 1887 2802 1951 pro
2853 1868 3086 1938 eisdem
3139 1871 3233 1935 di·

329 1966 827 2033 stributionibus.
898 1970 1268 2053 Ibidemque
1315 1970 1657 2048 ordinatur,
1730 1972 1895 2053 quod
1944 1972 2294 2054 quicunque
2345 1972 2421 2037 de
2468 1973 2774 2037 eiusmodi
2844 1972 3237 2039 distributio-

330 2070 515 2135 nibus
579 2073 951 2155 participare
1015 2074 1301 2153 voluerit,
1374 2073 1600 2139 debeat
1662 2074 1784 2153 die,
1850 2093 1973 2156 qua
2047 2078 2367 2141 l'rocessio
2434 2076 2645 2158 aliqua
2711 2075 2876 2140 intra
2917 2076 3019 2142 vel
3063 2080 3240 2143 extra

329 2174 662 2240 ecclesiam
710 2178 1065 2261 peragatur,
1119 2178 1323 2243 eidem
1368 2178 1762 2254 intervenire,
1836 2197 2149 2243 summam
2196 2178 2459 2245 Missam
2503 2180 2565 2243 in
2614 2180 2799 2246 stallo
2846 2182 3072 2245 stando
3120 2200 3233 2245 au-

329 2277 485 2355 dire,
546 2280 647 2344 vel
693 2299 803 2362 per
850 2300 914 2345 se
962 2301 1096 2346 eam
1147 2284 1209 2346 in
1257 2284 1476 2347 eadem
1524 2282 1787 2346 ecclesia
1835 2282 2062 2365 legere,
2117 2284 2237 2347 nisi
2290 2283 2446 2348 forte
2491 2284 2665 2363 tunc,
2735 2285 3066 2367 quominus
3113 2285 3233 2349 hoc

337 2380 546 2460 faciat,
625 2386 794 2467 gravi
845 2386 1053 2468 aliquo
1117 2386 1397 2451 eiusdem
1462 2383 1853 2451 Cathedralis
1900 2384 2218 2451 Ecclesiae
2267 2387 2515 2469 negotio
2562 2387 2900 2469 impeditus
2950 2390 3053 2465 sit,
3127 2390 3238 2451 aut

328 2484 692 2551 infirmitate
739 2489 999 2554 notabili
1048 2489 1325 2572 corporis
1370 2489 1652 2554 laboret:
1721 2489 1797 2554 de
1846 2489 2156 2555 eiusmodi
2220 2490 2430 2555 tamen
2478 2489 2838 2555 infirmitate
2885 2491 2985 2557 vel
3030 2490 3236 2573 impe·
3372 2575 3379 2581 .

330 2589 607 2655 dimento
654 2591 879 2657 debeat
926 2590 1409 2659 Procuratorem
1462 2591 1740 2677 Capituli
1788 2595 2050 2660 avisare.

538 2694 704 2760 Huic
768 2696 967 2760 eidem
1040 2695 1295 2762 Statuto
1363 2697 1438 2762 de
1485 2698 1899 2779 personaliter
1960 2699 2401 2777 residentibus,
2480 2700 2788 2765 habentur
2851 2699 3064 2764 affinia
3109 2701 3231 2765 duo

330 2798 455 2863 alia
501 2798 751 2864 Statuta
800 2799 995 2883 (LXX
1043 2806 1106 2865 et
1149 2800 1403 2885 LXXI),
1456 2804 1517 2866 in
1558 2821 1820 2885 quorum
1865 2803 2068 2885 primo
2118 2804 2556 2885 superadditur
2603 2804 3090 2869 extraordinaria
3135 2804 3234 2868 di-

331 2903 625 2968 stributio
674 2923 783 2986 per
828 2905 984 2969 duos
1032 2924 1286 2989 grossos
1333 2908 1495 2971 inter
1539 2909 1901 2989 praesentes
1964 2907 2027 2971 in
2075 2905 2384 2990 Capitulis
2435 2906 2847 2989 partialibus;
2923 2909 2986 2971 in
3035 2908 3234 2973 altero

332 3008 651 3091 obligatur
695 3010 1074 3075 Procurator
1120 3012 1237 3076 sub
1286 3012 1493 3095 rigore
1538 3011 1721 3077 iurati
1774 3010 2029 3090 statuti,
2082 3012 2319 3075 reditus
2368 3030 2478 3093 pro
2520 3010 3064 3076 distributionibus
3112 3012 3236 3075 alio

330 3130 457 3177 non
509 3116 885 3179 convertere.

540 3219 634 3284 Ac
678 3220 933 3286 tandem
992 3219 1281 3304 (CCXIV
1343 3224 1406 3286 et
1454 3218 1740 3304 CCXVI)
1802 3222 1865 3284 et
1910 3222 2196 3303 superius
2244 3203 2518 3304 (OLX1)'
2563 3220 2982 3303 praefatorum
3046 3224 3238 3286 trium

331 3321 731 3388 statutorum
776 3325 1039 3389 habetur
1075 3326 1460 3390 confirmatio
1502 3327 1563 3390 et
1601 3325 1876 3390 extensio
1914 3344 2024 3408 per
2061 3327 2224 3390 trina
2270 3324 2578 3407 generalis
2620 3322 2896 3406 Capituli
2942 3323 3232 3395 Decreta,

333 3427 677 3510 obligantia
726 3427 1118 3511 Capitulares
1168 3428 1712 3494 distributionibus
1761 3429 2033 3510 gaudere
2080 3428 2359 3493 volentes
2426 3428 2501 3491 ad
2548 3427 3055 3492 interesse-utiam
3107 3447 3230 3492 non

328 3530 577 3595 tantum
625 3531 843 3596 diebus
889 3533 1067 3596 festis
1116 3536 1179 3597 et
1224 3533 1569 3598 Dominicis
1616 3552 1727 3615 per
1773 3551 2025 3609 annum,
2079 3534 2188 3598 sed
2236 3533 2422 3598 etiam
2469 3531 2790 3597 ferialibus
2837 3532 2902 3597 in
2942 3529 3230 3610 Quadra·

332 3635 599 3716 gesima,
655 3637 1192 3714 Processionibus,
1264 3636 1704 3712 ConcionibuS,
1771 3637 1987 3702 Missis
2047 3637 2310 3701 cantatis
2372 3637 2435 3700 et
2479 3635 2774 3718 Vesperis
2841 3635 3232 3700 solennibus.

332 3740 638 3804 Successu
700 3741 1003 3821 temporis
1062 3742 1207 3822 post
1270 3741 1623 3806 Tribunalis
1686 3742 1885 3825 Regni
1952 3744 2363 3818 erectionem,
2435 3741 2689 3808 eaedem
2753 3739 3228 3804 distributiones

333 3842 725 3926 originaliter
768 3845 1011 3908 tantum
1058 3863 1169 3927 pro
1210 3849 1351 3908 actu
1397 3845 1816 3910 residentibus
1863 3863 2056 3927 penes
2095 3844 2420 3910 ecclesiam
2467 3843 2812 3919 institutae,
2867 3845 3054 3906 etiam
3094 3843 3225 3907 De-

332 3947 571 4029 pntatis
618 3948 696 4012 ad
736 3947 1037 4012 Tribunal
1076 3949 1272 4032 Regni
1324 3967 1657 4013 concessae
1697 3951 1845 4014 sunt
1888 3969 1999 4031 per
2037 3947 2283 4012 Statuta
2330 3967 2438 4012 seu
2477 3946 2685 4028 potius
2724 3947 2993 4012 Decreta
3032 3965 3226 4032 gene-

337 4051 558 4115 ralium
627 4047 1059 4142 Capitulorum
1126 4051 1287 4134 (CLI
1337 4053 1399 4116 et
1444 4052 1657 4136 CLII),
1728 4053 1915 4134 idque
1988 4073 2110 4116 nou
2161 4054 2360 4117 solum
2429 4051 2725 4135 quamdiu
2793 4052 2855 4115 in
2901 4050 3230 4116 Tribunali

335 4155 609 4220 officium
658 4174 839 4220 suum
886 4155 1169 4234 fecerint,
1236 4157 1349 4220 sed
1395 4157 1583 4221 etiam
1648 4177 1771 4220 una
1816 4145 2166 4239 septimana
2229 4155 2768 4238 proficiscentibus
2819 4154 3228 4219 Petricoviam

334 4259 435 4324 vel
480 4261 839 4343 Lublinum,
907 4261 1104 4327 altera
1170 4260 1571 4326 redeuntibus
1638 4261 1781 4324 Inde
1826 4262 1969 4343 post
2012 4261 2437 4336 limitationeS,
2508 4259 2636 4324 sive
2688 4258 3053 4336 ordinarias„
3107 4257 3234 4322 sive

336 4365 879 4432 extraordinarias.
946 4366 1181 4448 Elapsa
1242 4367 1451 4429 tamen
1516 4365 1862 4446 septimana
1925 4365 2072 4446 post
2133 4363 2592 4441 limitationem,
2664 4360 2784 4427 nisi
2832 4381 3044 4426 eorum
3094 4364 3232 4444 quis

334 4471 591 4535 redierit
652 4470 1034 4544 Cracoviam,
1104 4469 1236 4534 dari
1285 4469 1337 4532 ei
1390 4468 1819 4550 prohibentur;
1872 4486 2226 4549 quanquam
2273 4468 2428 4530 haec
2471 4467 2808 4549 prohibitio
2859 4467 3232 4542 successive,

336 4574 518 4640 Anno
565 4576 855 4640 videlieet
904 4573 1089 4652 1609,
1159 4593 1269 4657 per
1315 4573 1483 4638 aliud
1548 4571 1861 4636 Statutum
1910 4569 2187 4652 (CCXII)
2257 4571 2528 4635 relaxata
2573 4572 2672 4635 est
2717 4570 2920 4651 quoad
2993 4568 3228 4634 limita-

336 4681 539 4744 tiones
588 4679 953 4754 ordiuarias,
1005 4697 1127 4743 non
1174 4680 1383 4742 tamen
1434 4677 1972 4741 extraordinarias.

545 4782 831 4866 Denique
891 4783 1147 4848 eaedem
1195 4781 1663 4846 distributiones
1730 4800 1839 4862 per
1885 4780 2132 4846 Statuta
2178 4779 2426 4862 (LXIV,
2475 4777 2674 4845 XCVI
2723 4780 2786 4844 et
2830 4779 3016 4858 CLX)
3084 4797 3233 4843 con-

337 4905 553 4951 cessae
602 4905 847 4970 quoque
895 4887 1043 4951 sunt
1084 4884 1418 4968 Deputatis
1464 4885 1543 4948 ad
1583 4884 1899 4966 quaelibet
1933 4883 2187 4966 negotia
2226 4882 2499 4964 Capituli
2539 4885 2602 4948 et
2637 4882 2953 4947 Ecclesiae
2997 4881 3228 4947 Cathe-

338 4989 555 5070 dralis,
607 4989 903 5074 quamdiu
952 5007 1023 5053 ea
1066 4988 1486 5066 tractaverint,
1537 4988 1748 5053 habita
1786 4988 2086 5068 temporis
2136 4986 2534 5067 profectionis
2583 4987 2646 5052 et
2682 4985 2919 5051 reditus
2966 4986 3228 5050 ratione.

544 5094 645 5160 Ad
682 5094 944 5159 eandem
994 5092 1315 5157 materiam
1354 5091 1863 5156 distributionum
1903 5092 2166 5172 spectat,
2219 5091 2385 5173 quod
2423 5091 2486 5153 in
2527 5088 2777 5154 Statuto
2819 5088 2893 5153 de
2933 5107 3228 5169 compen-

340 5201 580 5266 satione
628 5197 1053 5264 conditionum
1095 5197 1566 5262 melioratarum
1602 5196 1665 5260 in
1704 5195 2166 5278 praestimoniis
2215 5200 2277 5259 et
2321 5193 2584 5275 lapideis
2633 5191 2894 5277 (Statut.
2935 5191 3096 5272 XL),
3151 5191 3228 5256 ad

339 5307 572 5372 calcem
621 5304 875 5371 additur
920 5303 996 5370 de
1043 5301 1522 5382 Anniversariis,
1572 5299 1889 5381 nimirum,
1941 5300 2109 5383 quod
2156 5318 2278 5365 non
2323 5297 2770 5363 interessentes
2817 5296 2929 5376 eis,
2978 5297 3234 5386 excepta
