4055 6364
1423 764 1989 838 -217—

251 969 540 1043 servari
596 967 1094 1043 decreverunt:
1154 978 1229 1044 ut
1284 993 1532 1046 ornnes
1586 981 1658 1046 et
1712 974 1978 1066 singuli
2046 974 2509 1048 Perillustres
2564 981 2634 1046 et
2680 973 3161 1050 Reverendis·

249 1089 423 1162 simi
479 1091 770 1164 Domini
807 1089 1286 1187 Capitulares,
1344 1100 1627 1166 tenutas
1665 1093 2183 1186 arendatorias,
2226 1096 2415 1168 bona
2465 1095 2889 1192 capitularia
2943 1119 3158 1192 quae·

248 1211 392 1301 vis,
451 1211 666 1284 etiam
719 1211 1210 1287 fundationum
1269 1222 1432 1289 actu
1491 1216 1970 1311 possidentes,
2030 1218 2187 1291 sive
2240 1218 2315 1290 in
2352 1219 2665 1290 futurum
2723 1219 3155 1314 possessuri,

249 1331 321 1403 si
375 1355 510 1428 pro
565 1340 883 1428 tempore
939 1357 1225 1408 suarum
1296 1344 1692 1411 tenutarum
1751 1361 1842 1410 ex
1897 1338 2189 1412 casibus
2243 1338 2617 1433 quibusvis
2669 1339 2981 1413 fortuitis
3036 1337 3160 1412 de-

249 1452 713 1526 falcationem
771 1455 1305 1550 praetenderint
1358 1459 1500 1531 sibi
1553 1457 1978 1550 faciendam,
2037 1459 2130 1532 ad
2187 1459 2732 1534 calculationem
2788 1467 3158 1556 praestan-

251 1573 423 1648 dam
476 1575 1138 1671 indispensabilitcr
1191 1585 1587 1670 teneantur,
1663 1603 1804 1655 non
1860 1581 2313 1656 obstantibus
2370 1581 2749 1677 quibusvis
2804 1580 3161 1678 oppositis

250 1695 840 1791 allegationibus.

1483 2011 1943 2113 CCLXlX.

250 2213 690 2298 Declaratio
747 2215 840 2296 de
897 2217 1151 2317 primis
1210 2219 1294 2298 et
1331 2217 1424 2300 de
1463 2218 1822 2301 secundia
1875 2219 2241 2320 vesperis
2292 2219 2685 2302 festorum
2735 2220 3157 2320 celebrium,

614 2337 822 2422 Anno
879 2339 1056 2420 1727
1117 2338 1234 2420 die
1291 2339 1368 2421 21
1431 2341 1626 2438 Maii,
1685 2341 1752 2421 in
1811 2340 2141 2441 uenerati
2198 2340 2535 2443 capituto
2590 2341 2833 2423 faeta.

467 2549 780 2624 Decreta
847 2551 936 2624 de
992 2551 1242 2648 primis
1299 2558 1369 2624 et
1423 2550 1512 2624 de
1568 2550 1907 2624 secundis
1960 2551 2315 2649 Vesperis
2368 2551 2441 2624 in
2478 2551 2723 2626 Festis
2778 2552 2869 2626 ad
2930 2575 3157 2650 popu-

245 2669 400 2742 lum
457 2670 902 2765 celebribus,
975 2671 1187 2746 Anno
1253 2668 1446 2746 1590
1517 2672 1632 2744 die
1691 2669 1734 2744 3
1794 2672 2175 2764 Octobris,
2252 2681 2324 2746 et
2388 2673 2580 2748 aliud
2657 2673 2869 2748 Anno
2960 2672 3156 2750 1609

249 2789 374 2864 die
431 2789 477 2864 5
532 2792 954 2885 Februarii,
1012 2795 1276 2891 prioris
1329 2795 1848 2886 restrictivum,
1905 2795 1980 2868 in
2034 2795 2384 2869 hodierno
2435 2796 2766 2889 generali
2821 2795 3161 2893 Capitulo

249 2912 543 2987 Natalis
599 2913 845 2988 Sancti
899 2913 1243 2990 Stanislai
1303 2917 1645 3014 Martyris
1697 2917 2231 3012 gloriosissimi,
2292 2917 2665 2992 Pontificis
2722 2917 3159 2993 Cracovien·

249 3035 384 3127 sis,
441 3037 767 3112 volentes
839 3037 1302 3112 Perillustres
1357 3047 1429 3112 et
1485 3038 2097 3114 Reverendissimi
2170 3039 2465 3112 Domini
2538 3037 2946 3135 Capitulum
3021 3039 3160 3114 Ca-

247 3155 580 3233 thedrale
635 3157 1121 3234 Cracoviense
1178 3160 1586 3253 conciliare,
1643 3160 1999 3235 moderati
2037 3168 2202 3236 sunt
2248 3169 2319 3235 et
2371 3161 2910 3237 concluserunt:
2968 3162 3162 3259 quod

247 3286 402 3351 tam
455 3280 528 3352 in
583 3282 854 3378 primis,
914 3305 1122 3378 quam
1180 3283 1250 3355 iu
1310 3282 1649 3357 secundis
1703 3282 2057 3380 Vesperis
2111 3282 2491 3357 Festorum
2548 3284 2981 3377 celebrium,
3056 3284 3160 3357 vi-

248 3401 516 3475 delicet
570 3404 642 3475 in
698 3403 940 3477 Festis
997 3404 1282 3479 Natalis
1339 3404 1609 3479 Christi
1665 3426 1820 3477 curn
1877 3405 2109 3478 tribus
2178 3404 2343 3478 aliis
2400 3404 2645 3479 Festis
2700 3405 3165 3500 sequentibus

251 3519 680 3599 Sanctorum
739 3522 1107 3622 Stephani,
1163 3526 1459 3600 Ioannis
1497 3525 2017 3619 Evangelist-ae
2074 3533 2146 3599 et
2183 3524 2611 3599 Sanctorum
2667 3526 3157 3619 Innocentum,

253 3644 846 3721 Circumcisionis
918 3648 1250 3740 Domini,
1325 3648 1806 3745 Epiphaniae,
1883 3647 2267 3721 Paschatis
2340 3671 2497 3722 cnm
2556 3656 2860 3742 quatuor
2911 3672 3159 3743 prace-

253 3766 592 3841 dentibus
643 3768 718 3841 in
773 3768 1226 3843 hebdomada
1298 3776 1551 3843 sancta
1606 3777 1678 3841 et
1731 3768 2013 3843 duobus
2069 3769 2695 3863 subsequentibus,
2772 3767 3161 3844 Ascensio-

251 3888 373 3961 nis
426 3887 703 3961 Christi
756 3889 1071 3983 Domini,
1131 3889 1605 3965 Pentecostes
1661 3914 1820 3965 cum
1877 3890 2162 3964 duobus
2218 3890 2473 3963 diebus
2527 3890 3157 3986 subsequentibus,

253 4006 773 4084 Sanctissimae
828 4010 1228 4103 Trinitatis,
1289 4011 1636 4109 Corporis
1702 4011 1974 4086 Christi
2030 4034 2190 4086 cum
2246 4035 2379 4085 sua
2434 4009 2754 4103 Octava,
2812 4009 3159 4085 Purifica-

254 4131 500 4224 tionis,
569 4131 1180 4224 Annuntiationis,
1255 4132 1734 4221 VisitationiS,
1811 4132 2247 4224 Nativitatis,
2325 4130 2841 4228 Conceptionis
2896 4138 2967 4204 et
3022 4129 3159 4204 As-

255 4254 686 4348 sumptionis
727 4254 1201 4328 Beatissimae
1242 4254 1572 4347 Virginis
1611 4254 1915 4347 Mariae,
1975 4253 2475 4327 Dedicationis
2532 4250 2932 4342 Ecclesiae,
2976 4247 3155 4323 San-

256 4382 532 4447 ctorum
589 4374 1064 4449 Patronorum
1117 4374 1548 4466 Vcnceslai,
1624 4372 1970 4447 Stanislai
2027 4374 2395 4447 mensibus
2450 4372 2649 4445 Maio
2706 4378 2777 4444 et
2833 4368 3160 4468 Septem-

253 4495 372 4569 bri
422 4495 924 4591 incidentium,
983 4494 1404 4569 Sanctorum
1463 4494 1977 4592 Apostolorum
2053 4494 2249 4568 Petri
2304 4502 2375 4567 et
2424 4493 2660 4585 Pauli,
2736 4489 3159 4567 Sanctorum

257 4614 620 4709 Omnium,
675 4624 1050 4691 teneantur
1103 4625 1242 4690 tam
1305 4617 1769 4691 Pei-illustres
1823 4624 1893 4689 et
1939 4614 2553 4689 Reverendissimi
2610 4614 2902 4689 Domini
2940 4613 3159 4687 Prae-

251 4737 409 4829 lati,
467 4761 677 4833 quam
735 4738 948 4813 etiam
988 4738 1344 4813 Canonici
1381 4738 1761 4811 Ecclesiae
1809 4736 2268 4812 Cathedralis
2306 4735 2837 4827 Cracoviensis,
2912 4757 3160 4830 perso-

255 4860 518 4933 naliter
585 4860 939 4934 interesse
1004 4861 1138 4934 sub
1198 4860 1463 4934 mulcta
1517 4859 1946 4957 privationis
1999 4858 2467 4933 refectionum
2525 4863 2596 4930 et
2649 4878 2909 4953 panum
2962 4855 3161 4929 illius

259 4980 427 5056 diei.
486 4980 683 5055 Casu
735 4990 970 5055 autem
1025 4982 1397 5055 absentiae
1451 4981 1525 5053 in
1569 4982 1856 5055 Festis:
1925 4980 2211 5054 Natalis
2267 4977 2513 5053 Sancti
2564 4977 2861 5051 Ioannis
2912 4976 3160 5073 Bapti-

259 5110 441 5197 stae,
499 5102 840 5196 Mathiae,
896 5102 1220 5199 Philippi
1276 5110 1348 5175 et
1399 5102 1672 5194 Iacobi,
1728 5102 1981 5176 Iacobi
2019 5100 2334 5191 maioris,
2392 5097 2953 5190 Bal-tholomaei,
3000 5097 3159 5170 Ma-

259 5224 475 5317 thaei,
535 5222 850 5299 Simonis
905 5232 976 5297 et
1035 5224 1286 5316 Iudae,
1343 5223 1700 5313 Andreae,
1761 5223 2117 5316 Thomae,
2160 5221 2471 5313 Martini,
2511 5220 2823 5315 Nicolai,
2882 5218 3159 5293 Mariae

259 5345 764 5442 Magdalenae,
820 5346 1355 5441 Margarethae,
1411 5346 1804 5441 Laurentii,
1864 5344 2332 5440 Catharinae,
2384 5343 2603 5417 iidem
2640 5342 2933 5417 antefati
2985 5340 3158 5415 Per-

2748 5460 2833 5527 28
